4442 5825
401 594 474 662 438
941 587 1174 641 commutatus
1191 585 1223 639 m
1241 586 1307 640 car.
1323 585 1362 640 m.

399 765 531 845 gnantia.
556 763 791 843 Argumentatur
806 763 884 823 enim
901 761 940 823 ab
955 781 1000 834 eo,
1015 760 1093 844 qued
1147 771 1178 821 et
1193 763 1263 822 vitis
1279 762 1456 843 exemplum.
1494 761 1545 823 Sic
1565 761 1648 822 enim
1662 780 1700 822 ex
1713 763 1810 822 neoteri-

400 860 447 912 est
477 850 660 930 impossibile
687 849 846 910 seeundum
877 859 1029 920 naturam,
1055 847 1093 908 ad
1147 850 1188 909 eis
1213 848 1333 929 qnidam
1355 858 1486 909 tractant
1511 848 1591 909 hanc
1607 857 1728 928 partem.
1755 847 1814 908 tm

400 938 560 999 absrrrdum
577 940 607 996 in
630 936 778 1010 moribus,
804 957 840 997 ac
855 938 879 996 ei
894 935 988 997 dieat:
1013 934 1091 1015 Quo·
1147 935 1344 998 oecumenius
1367 935 1501 999 Graecus
1530 936 1653 997 omnino
1675 956 1733 996 non
1751 937 1815 996 sttirr

399 1023 486 1085 medo
509 1031 614 1084 natura
637 1046 696 1084 non
719 1025 847 1106 patitur,
873 1032 907 1081 nt
929 1044 967 1083 ex
987 1021 1093 1084 eodem
1147 1025 1199 1102 git
1237 1021 1352 1083 Verum
1383 1044 1449 1083 cum
1482 1023 1535 1082 ills
1565 1042 1672 1103 parum
1698 1024 1819 1083 concinet

400 1111 490 1172 fontis
516 1111 659 1171 toramine
684 1120 804 1170 emanet
837 1107 932 1171 duleis
958 1129 1038 1189 aqua
1065 1120 1094 1170 ct
1148 1110 1284 1189 probatio
1300 1112 1353 1182 eit,
1375 1118 1407 1169 et
1422 1131 1478 1172 non
1503 1110 1677 1171 ncoemaffi
1692 1103 1820 1191 (quorsum

400 1218 516 1270 amara,
543 1200 586 1257 sic
600 1200 678 1258 ratio
694 1218 752 1257 non
768 1196 857 1268 sinit,
878 1207 911 1256 ut
935 1195 1094 1257 exoodem
1148 1199 1225 1257 enim
1256 1196 1429 1277 exemplum
1467 1205 1526 1257 tam
1557 1195 1715 1259 evidenter
1743 1203 1823 1257 netu

400 1305 451 1346 ore
481 1283 625 1366 precedat
654 1283 822 1345 benedictio
857 1293 887 1343 et
915 1282 1094 1358 maledictio,
1148 1282 1272 1344 aliorum
1289 1304 1392 1345 rursus
1411 1283 1620 1364 exemplorum
1635 1280 1824 1345 sustenffl

399 1373 498 1452 pietas
514 1380 543 1432 et
558 1371 710 1450 iniquitas,
725 1372 837 1431 veritas
853 1380 883 1429 et
897 1369 1094 1431 mendacium.
1149 1369 1314 1451 Apostolus
1340 1370 1517 1432 confirmare
1539 1366 1668 1445 vellett)
1693 1370 1824 1451 νιιΙμῐιιι

399 1459 442 1520 Et
457 1459 500 1519 ita
515 1460 546 1519 in
562 1457 708 1537 exemplis
733 1457 869 1537 reliquie.
912 1455 1095 1530 Notandum,
1150 1458 1236 1518 nobis
1250 1457 1408 1519 lectionem
1424 1456 1613 1519 retinendam
1629 1477 1745 1518 censeo
1775 1455 1823 1517 Pri·

400 1566 453 1626 pro
466 1566 511 1619 eo,
522 1542 602 1625 qued
618 1563 672 1604 nos
686 1544 847 1604 habemus:
867 1546 1009 1605 Emerret
1021 1544 1095 1604 dul·
1149 1564 1244 1617 mum,
1268 1544 1348 1623 quod
1364 1566 1429 1606 eam
1453 1552 1627 1606 constanter
1642 1544 1770 1605 habeant
1780 1542 1823 1603 Is·

400 1652 464 1694 cem
492 1640 520 1693 et
542 1650 691 1692 emerem
717 1650 852 1708 aquam,
884 1630 1000 1692 Graece
1019 1631 1095 1710 legi:
1150 1632 1203 1693 tini
1219 1631 1353 1706 codices,
1372 1640 1403 1692 et
1418 1639 1573 1711 exponant
1587 1632 1693 1692 Latini
1708 1636 1823 1692 truchle-

401 1721 541 1780 Sceturs't
563 1719 627 1778 sive
649 1718 758 1778 ebullit
777 1718 867 1779 dulce
891 1726 1095 1789 atomorum,
1150 1738 1215 1794 res3
1230 1720 1287 1778 nisi
1302 1718 1383 1798 quod
1396 1722 1426 1778 in
1438 1737 1497 1778 uno
1509 1718 1670 1779 autaltero
1683 1716 1824 1798 exemplari

401 1806 453 1867 rel
468 1807 590 1867 dulcem
602 1813 797 1880 clamarem,
808 1804 951 1866 subaudi:
967 1824 1095 1881 equom,
1152 1825 1209 1866 non
1224 1807 1320 1880 salse,
1337 1804 1390 1866 sed
1403 1807 1517 1866 rebem
1535 1804 1664 1884 legatur,
1680 1806 1823 1866 mutatione

402 1901 435 1953 nt
445 1885 539 1970 ὕδωρ,
556 1892 637 1973 qnod
645 1894 743 1953 neutri
751 1893 869 1968 generis
877 1901 929 1963 eet,
942 1894 973 1952 in
981 1891 1098 1953 Graeco
1151 1912 1239 1951 eastre
1251 1890 1382 1964 inducta,
1394 1891 1474 1974 quod
1487 1894 1688 1972 suspicamur,
1704 1913 1739 1953 ex
1754 1891 1823 1952 Grae

402 1979 651 2059 subintelligatur.
685 1980 723 2040 Id
746 1982 825 2040 enim
848 1978 939 2059 paulo
963 1987 1031 2058 post
1046 1998 1096 2040 ex·
1151 2000 1194 2038 eo.
1219 1978 1349 2051 Deinde,
1364 1978 1444 2059 quod
1460 1979 1591 2059 Syriaca
1607 1980 1824 2039 versioLstims

403 2067 548 2145 primitur.
572 2066 673 2127 Sentit
687 2074 785 2126 autem
803 2067 976 2145 Apostolus,
992 2086 1032 2127 ex
1047 2086 1096 2127 ea·
1152 2066 1275 2126 lectioni
1301 2068 1513 2146 patrocinetur.
1552 2064 1657 2126 Verba
1683 2074 1762 2126 eunt:
1786 2065 1823 2126 St

403 2151 471 2214 dem
487 2153 578 2213 lentis
594 2154 776 2232 scaturigine
788 2151 906 2213 dulcem
920 2165 949 2215 et
965 2173 1096 2213 amaram
1151 2172 1208 2216 neo
1230 2172 1333 2231 equae
1355 2154 1457 2214 salsae
1477 2159 1614 2230 possunt
1634 2153 1720 2232 effici
1734 2153 1822 2213 duca

402 2259 510 2321 aquam
534 2241 681 2318 profluere
704 2260 763 2301 non
785 2260 891 2320 posse,
918 2261 955 2300 ne
975 2239 1096 2320 quidem
1151 2239 1242 2319 Quod
1258 2240 1338 2301 idem
1355 2249 1401 2300 est
1415 2259 1506 2302 sensu
1521 2260 1590 2300 cum
1602 2240 1723 2301 Latino.
1744 2241 1822 2319 aqu

402 2326 518 2389 diverso
533 2335 682 2410 tempore;
708 2326 764 2386 boc
787 2329 864 2388 enirn
889 2325 927 2386 ad
947 2346 1096 2407 compars-
1150 2329 1221 2388 hine
1235 2326 1393 2408 probabile
1408 2328 1449 2401 lit,
1469 2328 1561 2389 etiam
1577 2325 1714 2387 Graecos
1729 2324 1822 2387 mdes

402 2415 511 2474 tionem
534 2415 650 2477 sufficit.
688 2414 766 2474 Nam
789 2414 892 2494 lingua
914 2436 975 2475 non
999 2411 1097 2483 simul,
1151 2414 1312 2496 aliqnando
1327 2412 1406 2473 hune
1429 2433 1550 2475 sensnm
1570 2411 1703 2475 dedisse.
1738 2412 1822 2494 Neque

402 2499 456 2560 aed
479 2501 607 2562 diversis
630 2501 816 2580 temporibus
839 2499 953 2581 profert
974 2499 1095 2561 benedi·
1151 2504 1231 2563 enim
1248 2501 1405 2580 Syriacam
1428 2501 1707 2582 interpretationem
1726 2497 1822 2561 suasu

401 2589 528 2648 ctionem
543 2598 575 2649 et
593 2586 843 2649 maledictionem.
1149 2587 1309 2660 habemns,
1336 2596 1371 2647 ut
1392 2589 1534 2660 arbitrer,
1561 2607 1653 2668 quam
1674 2607 1715 2650 ex
1729 2586 1821 2649 Graeca

446 2676 494 2734 12.
526 2675 686 2751 Numquid
713 2682 832 2753 potest,
868 2677 990 2753 fratrea
1023 2676 1095 2748 mei,
1150 2676 1310 2755 Scriptura.
1816 2728 1820 2741 .

401 2762 477 2836 fleus
495 2780 576 2822 uuus
594 2764 720 2842 secere,
745 2771 802 2824 eut
827 2764 898 2823 attis
923 2762 1023 2839 fieus?
1045 2760 1095 2821 En
1194 2761 1345 2842 Quocirca
1360 2761 1487 2822 libenter
1496 2763 1646 2823 assentior
1658 2762 1723 2823 viro
1738 2760 1820 2823 dest*

402 2848 461 2908 alia
485 2847 544 2908 duo
571 2850 719 2928 exempla,
747 2849 858 2931 quibua
888 2847 966 2908 idem
998 2846 1094 2922 docet,
1150 2849 1224 2909 simo
1247 2849 1408 2910 Franciseo
1432 2850 1533 2909 Lucae
1554 2848 1621 2928 (qni
1643 2848 1742 2910 lecum
1761 2847 1821 2908 bunt

401 2934 480 3016 qnod
511 2956 613 3015 snpra.
662 2935 772 3016 Neque
808 2938 885 2996 enim
916 2937 991 2995 licus
1020 2955 1096 2996 uvas
1151 2939 1180 2997 in
1204 2938 1264 2997 suis
1288 2936 1490 2998 notationibus
1516 2937 1639 3016 egregie
1666 2929 1821 3009 illustrat)

401 3023 523 3102 gignere
552 3022 731 3084 naturaliter
764 3032 879 3105 potest,
917 3022 970 3082 sed
1001 3023 1095 3083 solum
1149 3025 1349 3095 existimanti,
1366 3021 1484 3085 Graeca
1498 3024 1549 3084 bic
1564 3032 1656 3086 aucta
1672 3023 1821 3086 amru·

403 3109 494 3183 fieris3
511 3130 611 3189 neque
626 3111 695 3171 vitis
710 3111 784 3170 ficus
798 3112 932 3191 gignere,
949 3107 1002 3168 sed
1018 3129 1096 3169 uvae
1149 3109 1281 3171 voculis:
1306 3105 1378 3189 μία,
1402 3103 1503 3188 πηρὴ,
1520 3100 1592 3185 καὶ,
1610 3112 1721 3193 quibus
1735 3109 1821 3172 muts

400 3196 593 3257 eolnmmodo.
617 3196 806 3279 Quamquam
822 3195 982 3259 iuGraeeo
998 3196 1094 3276 etSy·
1149 3199 1254 3258 eadem
1284 3218 1406 3279 prorsus
1445 3198 1503 3257 erit
1532 3196 1718 3260 Graecorum
1745 3196 1821 3268 lectis,

400 3284 480 3344 risco
495 3304 554 3345 nen
569 3303 650 3345 uvas
664 3284 808 3363 legimus,
832 3281 885 3344 sed
902 3284 1018 3358 olives,
1044 3282 1095 3342 nd·
1150 3305 1230 3363 quae
1242 3286 1430 3361 Latinorum
1446 3286 1505 3346 nisi
1520 3284 1603 3364 quod
1615 3287 1742 3348 Latinae
1752 3288 1820 3347 initt-

401 3371 563 3452 stipulante
585 3372 674 3431 etiam
698 3370 797 3444 Beda,
825 3380 856 3430 et
875 3371 1008 3451 antiquie
1030 3370 1094 3451 qui·
1149 3392 1232 3451 pres,
1260 3371 1448 3452 supplendae
1461 3374 1633 3434 sententiae
1648 3394 1752 3447 unu,
1772 3389 1820 3432 rer·

398 3456 523 3519 busdam
536 3460 625 3518 stiam
637 3459 849 3536 manuscriptis
865 3456 1094 3537 exemplaribus.
1148 3458 1233 3518 bum:
1255 3468 1357 3536 potest
1364 3504 1375 3533 ,
1392 3458 1566 3540 adscripsit,
1588 3480 1628 3521 ex
1642 3458 1820 3541 superioribus

399 3543 820 3606 Verumreseudemreridit.
845 3544 1000 3624 Significat
1015 3545 1093 3604 enirn
1149 3547 1316 3624 repetitum.
1366 3546 1434 3606 Hoc
1464 3555 1553 3626 paeto
1585 3567 1660 3610 sane
1690 3569 1756 3629 pars
1778 3549 1820 3607 tur

399 3629 561 3709 Apostolus
577 3631 634 3691 hac
645 3639 737 3709 parte,
753 3650 809 3692 nec
826 3652 868 3700 ea,
888 3651 966 3709 quae
981 3630 1093 3691 diversi
1148 3633 1270 3712 pulchre
1285 3635 1426 3694 convenit
1437 3632 1576 3713 Apostoli
1591 3637 1739 3697 instituto.
1759 3636 1819 3716 Qua

400 3725 469 3777 suant
484 3720 615 3797 generis,
639 3719 696 3779 etsi
722 3739 782 3779 non
806 3719 971 3792 contraria,
988 3738 1026 3778 ex
1043 3738 1092 3778 eo·
1147 3729 1215 3780 tuor
1231 3722 1309 3780 euim
1326 3719 1492 3799 exemplis,
1516 3722 1600 3794 eive,
1631 3721 1817 3788 usitatiora

397 3802 466 3864 dem
482 3806 564 3884 gigni
581 3804 695 3881 solere3
719 3813 752 3864 ut
775 3825 830 3866 nes
846 3805 968 3876 doceat,
995 3806 1091 3865 imita·
1146 3807 1313 3885 parabolis,
1329 3827 1412 3867 suam
1429 3806 1594 3869 doctrinam
1612 3809 1815 3888 declaratque

397 3891 477 3950 tione
500 3901 622 3953 naturae
645 3895 675 3953 iu
698 3892 847 3972 loquendo
869 3893 1090 3971 simplieitatem
1145 3914 1209 3954 rum
1232 3896 1359 3975 primum
1384 3892 1549 3956 alentibus
1571 3896 1760 3977 desumptum
1777 3899 1816 3963 θ’

396 3995 511 4052 amare,
526 3999 583 4040 nec
600 3978 727 4053 diversa,
747 4000 826 4059 quae
838 4001 897 4040 nou
913 3981 1091 4052 consistunt,
1146 3991 1279 4060 quartum
1295 4002 1313 4041 a
1328 3983 1418 4057 mariq
1446 3981 1614 4043 sectandum
1638 3994 1670 4045 et
1690 3985 1816 4048 terum·

396 4084 586 4144 expromer03
612 4066 705 4126 multo
728 4069 826 4128 minus
848 4068 1011 4136 centraria,
1039 4086 1088 4126 cu·
1144 4067 1255 4146 plantis
1271 4067 1448 4142 fructiferis,
1463 4070 1520 4129 ficu
1537 4078 1568 4129 et
1581 4070 1654 4131 vite.

390 4150 524 4229 jusmodi
539 4160 609 4212 sunt
623 4152 792 4214 benedictio
809 4161 841 4214 et
855 4154 1036 4214 maledictio.
1188 4154 1229 4213 Iu
1256 4152 1377 4234 quidem
1403 4159 1460 4216 trie
1485 4157 1586 4237 priora
1613 4159 1680 4237 jam
1706 4151 1815 4238 expelli!

436 4238 488 4300 ste
503 4258 602 4315 usque
617 4241 699 4299 salsa
723 4242 845 4301 dulcem
867 4249 969 4317 petest
982 4242 1089 4319 fecere
1144 4249 1228 4315 sunt,
1259 4251 1288 4301 et
1303 4241 1504 4302 difficultatem
1522 4263 1580 4303 non
1597 4242 1727 4318 habena
1751 4253 1814 4323 quar

393 4344 520 4403 equam.
544 4326 671 4396 Graeca,
690 4348 766 4408 quae
781 4326 870 4389 bodie
886 4336 1013 4398 exstant,
1029 4348 1089 4389 nen
1143 4338 1203 4388 turn
1219 4348 1300 4400 vere,
1316 4331 1453 4408 quumvis
1464 4328 1542 4389 idem
1555 4350 1658 4410 paene
1669 4352 1734 4392 cum
1745 4327 1814 4412 pm

392 4432 496 4492 parum
519 4412 566 4474 lrie
593 4433 611 4471 a
636 4416 746 4474 uostris
773 4414 929 4476 dissident.
969 4416 1005 4475 ln
1029 4413 1089 4474 illie
1143 4414 1294 4488 videatur,
1319 4414 1447 4496 ideoque
1470 4409 1813 4496 praetermittatmaqu

391 4501 468 4559 onim
486 4501 527 4560 ita
543 4500 663 4579 legitur:
694 4504 744 4564 Sic
759 4502 869 4562 trullus
882 4502 957 4579 {eus
973 4504 1088 4562 selsam
1143 4501 1268 4562 busdam
1285 4506 1351 4582 ejus
1369 4504 1532 4585 expositio,
1560 4504 1663 4566 differt
1679 4501 1815 4575 tamor!

392 4593 421 4645 et
437 4586 559 4647 dulcem
573 4588 682 4666 faeere
697 4608 823 4666 equum.
863 4589 950 4668 Quae
974 4591 998 4646 ei
1017 4608 1089 4648 vera
1142 4589 1223 4661 dixi,
1246 4589 1539 4669 quianonalonte,
1563 4593 1654 4654 seda
1677 4583 1813 4670 mstipffl·

392 4681 438 4732 ast
455 4672 557 4745 lectio,
574 4673 733 4736 dicendum
750 4678 821 4749 erit,
838 4674 884 4748 id,
905 4674 986 4756 quud
1003 4694 1086 4754 prec-
1141 4684 1201 4735 tum
1219 4687 1279 4749 est,
1306 4678 1392 4756 eujus
1409 4698 1509 4758 aquae
1532 4676 1633 4741 salsae
1649 4698 1715 4740 ease
1729 4676 1814 4746 aaliz

391 4762 494 4834 cessit,
513 4781 620 4841 nempe
635 4760 749 4824 fontem
766 4782 804 4823 ex
821 4761 925 4822 eodem
941 4761 1088 4821 foramine
1140 4773 1291 4843 tamquam
1308 4762 1436 4837 diceret,
1462 4763 1541 4825 idom
1563 4786 1649 4828 mare
1671 4787 1730 4828 non
1750 4773 1815 4847 ps!

389 4865 448 4906 non
465 4849 603 4909 emittere
621 4846 737 4911 dulcem
761 4858 792 4910 et
813 4869 944 4909 amaram
968 4868 1086 4926 aquam,
1140 4849 1284 4931 praebere
1300 4850 1410 4911 salsam
1422 4859 1452 4912 et
1464 4849 1579 4913 dulcem
1591 4873 1719 4933 aqnam3
1734 4865 1813 4934 qu·

390 4930 440 4991 bia
461 4933 524 5012 jam
554 4934 758 4997 concludendo
790 4936 900 5016 repeti,
931 4943 1021 5016 atque
1048 4933 1087 4994 ad
1140 4935 1317 5011 admodum,
1333 4939 1452 5000 inverso
1468 4938 1590 5012 ordine,
1608 4939 1647 5002 de
1657 4933 1815 5006 tonatim

390 5018 456 5086 mus
470 5018 675 5101 probationem
699 5023 910 5105 interpositum
931 5042 997 5084 esse
1011 5023 1087 5082 licus
1138 5043 1194 5105 per
1220 5025 1431 5104 scaturiginem
1459 5046 1550 5090 unam
1572 5036 1603 5090 et
1629 5025 1755 5094 eandem
1771 5037 1814 5088 ιι
