4442 5825
771 616 1414 678 m1sronssmnmmsos.vsss.st.2s.
1738 622 1816 696 ms.

369 804 508 859 nortunm
524 816 608 872 esse,
636 805 670 858 et
682 797 811 878 proinde
824 799 941 861 finitum
967 807 1062 859 morte
1115 800 1182 862 loco
1205 799 1340 861 divinum
1362 798 1499 880 Apostoli
1523 797 1653 861 studium
1676 799 1708 860 in
1727 813 1809 860 sern-

369 887 423 965 sjus
448 884 666 946 sacerdotium.
704 887 903 965 Respondeo,
933 907 994 947 non
1019 889 1063 946 its
1117 888 1217 949 tundis
1233 896 1264 946 et
1278 887 1467 947 excutiendis
1482 887 1654 966 scripturis.
1687 886 1763 947 Num
1781 888 1813 946 in

369 982 494 1032 mortuus
511 981 575 1044 est,
590 983 624 1032 ut
640 973 840 1033 sacerdotium
852 975 918 1051 ejus
934 975 973 1032 ed
988 974 1063 1033 ulios
1116 992 1178 1036 nuo
1198 987 1287 1034 versu
1303 974 1473 1033 Davidisor
1496 976 1633 1037 Jurcos't
1657 975 1816 1035 Dominus

369 1062 521 1130 trsnsiret,
544 1059 796 1140 quemadmodum
812 1061 903 1121 fiebat
918 1063 949 1120 in
964 1079 1062 1120 suuer·
1118 1071 1148 1124 st
1161 1078 1230 1121 som
1241 1060 1416 1136 poenitebit
1438 1080 1527 1121 eum:
1551 1063 1609 1121 'Tu
1626 1078 1656 1121 ss
1669 1062 1816 1122 sacerdos

369 1145 482 1207 dotibus
498 1148 611 1206 reseris
626 1150 811 1222 testsmenti3
838 1147 891 1206 sed
908 1156 956 1220 ut,
973 1147 1063 1226 punio
1118 1154 1154 1211 in
1176 1155 1342 1208 aeteruum
1366 1149 1539 1208 secumdum
1566 1148 1711 1208 ordinem
1733 1149 1815 1210 Mei·
1867 1160 1869 1164 ·

369 1243 428 1312 port
443 1237 513 1312 ipse
527 1251 608 1293 unus
623 1243 655 1293 ot
670 1234 749 1294 idem
771 1235 809 1293 ed
829 1236 922 1293 vitem
938 1237 1061 1294 resusci-
1118 1235 1290 1307 chisedech,
1307 1236 1438 1317 quinque
1454 1250 1563 1314 perses,
1578 1233 1665 1294 velut
1678 1237 1816 1295 instituto

369 1330 450 1392 utus,
466 1329 606 1380 maneret
621 1320 761 1380 sacerdos
777 1323 807 1379 in
823 1330 994 1396 ueternum3
1009 1339 1065 1380 nec
1119 1342 1171 1382 suo
1187 1321 1368 1390 servientes,
1383 1321 1537 1402 expendit
1561 1321 1710 1382 Primums
1734 1321 1817 1382 Meta

370 1406 395 1466 id
408 1406 509 1467 soinm
524 1410 640 1466 rstione
661 1426 826 1486 personne,
852 1409 1064 1467 verumetiam
1119 1408 1276 1470 chisedech
1284 1429 1296 1484 ,·
1313 1408 1423 1467 deinde
1437 1407 1528 1467 illud:
1547 1409 1597 1468 Tu
1608 1426 1638 1468 cs
1645 1451 1656 1482 ,
1671 1409 1818 1469 videiioet

370 1495 449 1554 officii
478 1502 510 1554 et
532 1494 673 1570 effectum
699 1496 780 1553 sicut
804 1494 990 1553 deolsrutnrn
1017 1502 1065 1552 est
1119 1493 1444 1556 dictumsdiihristum
1458 1494 1696 1572 detribnduds3
1712 1496 1817 1556 tertio:

371 1600 464 1660 supro.
790 1593 792 1598 '
1118 1581 1608 1660 Sacerc1025qurrt02Juravu3
1631 1586 1752 1663 quinto:
1776 1583 1825 1644 lst-

404 1669 469 1728 iied
500 1666 609 1744 objicit
636 1667 820 1727 heerstionsu
859 1666 892 1726 Si
925 1664 1065 1724 Christus
1119 1678 1293 1729 aeteruum.
1325 1667 1445 1748 Quibus
1462 1678 1492 1728 et
1507 1677 1625 1729 sextum
1640 1669 1751 1729 addere
1764 1684 1817 1751 po'·

373 1755 444 1815 idom
460 1763 608 1833 perpetuo
622 1767 722 1815 monet
736 1755 895 1825 sacerdos,
911 1764 943 1813 ot
957 1754 983 1809 si
999 1771 1063 1832 per·
1120 1758 1191 1816 tuit:
1213 1757 1387 1815 secuudum
1403 1756 1549 1815 ordimem
1556 1798 1566 1829 ,
1583 1756 1640 1816 nisi
1656 1756 1734 1816 hsnc
1747 1773 1814 1836 pur

372 1851 487 1921 potuum
504 1841 598 1900 hebet
609 1843 818 1912 sacerdotium,
833 1841 926 1919 igitur
935 1840 1065 1898 vicarios
1120 1855 1196 1916 tem,
1222 1842 1260 1900 ob
1276 1845 1405 1902 rationes
1421 1843 1559 1920 superins
1574 1841 1696 1917 elisius,
1724 1842 1813 1904 indic

373 1929 622 1987 roisnccessorss
643 1931 674 1987 in
697 1929 865 2000 sacerdotio
887 1925 1065 1986 nonhabet
1119 1948 1238 1990 cussum
1254 1928 1424 2009 relinquere
1446 1929 1611 1989 noluisset
1645 1930 1694 1989 iis
1708 1946 1770 2010 qus
1783 1948 1817 1991 rs

373 2014 555 2094 Respondeo,
568 2013 735 2074 Ecclesium
744 2014 854 2075 Christi
866 2013 1063 2091 nullossgno·
1119 2018 1263 2076 discimus
1274 2015 1458 2096 scripturae
1477 2034 1584 2075 ssorse
1604 2015 1770 2077 mirsbiism
1784 2019 1816 2078 iu

374 2121 450 2162 soors
477 2100 593 2160 Christi
623 2120 810 2162 successores
840 2104 872 2160 in
895 2098 1066 2159 sacerdotio
1120 2103 1257 2163 sensibus
1273 2123 1308 2160 sc
1325 2104 1477 2182 mysteriis
1491 2102 1744 2177 foecunditatem,
1761 2120 1821 2165 nee

377 2208 421 2250 sou
431 2187 627 2249 Pontificum.
651 2189 729 2249 Nem
741 2207 898 2248 successor
910 2191 935 2247 is
948 2186 1065 2258 dicitur,
1120 2208 1260 2270 umquem
1277 2188 1396 2261 deesse,
1412 2188 1496 2268 quod
1508 2199 1638 2263 emotus,
1653 2189 1741 2250 modo
1757 2206 1822 2253 nom

377 2280 416 2358 qui
430 2279 464 2335 in
479 2277 611 2354 alicujus
626 2275 776 2347 defuncti,
803 2278 833 2337 id
851 2283 896 2335 est
911 2276 1000 2334 emoti
1016 2274 1065 2334 rel
1122 2278 1200 2337 desit
1215 2283 1362 2334 seruistor
1382 2275 1515 2335 idonens.
1719 2313 1722 2317 ·

377 2364 524 2435 rteunus,
551 2370 698 2423 eutcerte
716 2363 865 2422 demortui
881 2361 989 2433 locum,
1005 2360 1065 2420 offi·
1165 2365 1214 2423 id.
1243 2363 1332 2422 Unde
1362 2370 1393 2422 st
1416 2365 1542 2422 scivere
1567 2366 1603 2424 ist
1627 2373 1826 2440 perpetuumu
1869 2370 1878 2379 '

377 2454 451 2521 sium,
467 2459 645 2530 poteetstem
662 2461 837 2529 surrogatus
850 2459 905 2510 est
928 2452 969 2508 At
982 2448 1065 2507 Chri·
1118 2457 1221 2527 potest
1243 2449 1425 2509 accedentes
1450 2467 1508 2525 por
1531 2457 1626 2510 ssrust
1646 2451 1753 2527 ipsum
1773 2452 1826 2513 ud·

376 2548 429 2598 stus
439 2536 612 2598 secerdotio
624 2555 785 2616 numquam
797 2536 989 2615 defungitur3
1004 2552 1065 2595 ms·
1121 2540 1235 2598 Deum.
1272 2535 1361 2596 Multi
1378 2538 1505 2609 venusti,
1531 2545 1565 2597 et
1585 2536 1734 2618 probatos
1746 2539 1819 2601 fidei

376 2635 417 2685 nst
430 2626 513 2684 enim
530 2622 672 2683 socerdos
695 2626 727 2683 in
740 2635 904 2684 ueternum.
942 2623 1065 2684 Succes-
1122 2622 1241 2684 codices
1266 2622 1387 2703 legunt:
1414 2623 1613 2700 moestum,
1639 2624 1817 2705 quibunt·

376 2731 463 2772 sorem
475 2715 640 2791 igiturnon
654 2709 750 2792 hebet
773 2712 838 2771 Nec
851 2712 1067 2790 itaquisqnsm
1120 2710 1304 2790 stipulantur
1322 2709 1442 2770 (iussos
1463 2726 1531 2771 oum
1551 2711 1614 2772 suis
1637 2723 1818 2775 commestu-

376 2798 544 2860 (istholicus
567 2799 716 2878 loquitur,
744 2799 769 2856 si
791 2798 870 2857 benc
892 2807 922 2855 et
944 2798 1065 2856 cneoru-
1121 2797 1243 2857 toribus.
1276 2796 1386 2878 Neque
1401 2797 1482 2857 enim
1497 2800 1530 2857 in
1543 2797 1659 2860 (tineos
1674 2809 1733 2861 tsm
1747 2803 1819 2863 isoi-

375 2895 471 2967 meete
483 2887 570 2965 ioqui
579 2883 662 2945 velit.
687 2882 848 2945 Caeterum
859 2886 989 2945 viosrios
1001 2883 1067 2962 rjus
1122 2886 1160 2946 lis
1175 2893 1222 2945 est
1235 2886 1323 2946 unius
1338 2886 1369 2945 in
1384 2883 1513 2946 ultorum
1525 2887 1661 2960 mutatio,
1680 2900 1773 2972 qum
1788 2890 1825 2951 i*

375 2993 402 3033 sc
414 2974 585 3044 ministros,
609 2982 673 3030 turn
694 2973 724 3031 in
740 2972 953 3051 disponsandis
969 2989 1066 3031 seors-
1120 2974 1247 3044 Lstino,
1267 2970 1411 3032 videlicet
1426 2980 1547 3051 propter
1561 2972 1718 3035 srtiouinm
1733 2989 1819 3057 pres*

374 3062 489 3130 nentis,
504 3068 568 3119 tum
584 3062 616 3119 in
631 3059 752 3138 reliquo
767 3060 864 3121 officio
880 3056 1067 3127 sacerdotali,
1121 3060 1259 3138 positum.
1288 3057 1423 3119 Gnosis
1437 3061 1526 3119 etiem
1543 3057 1624 3139 Syro
1637 3067 1828 3139 consensum·

374 3148 576 3227 qnoscimus,
604 3147 750 3226 Apostolo
774 3146 909 3206 dicente:
936 3147 987 3207 Sic
1009 3161 1068 3204 mos
1122 3146 1253 3225 denique
1275 3163 1397 3205 sensum
1418 3146 1495 3205 hoec
1518 3143 1606 3207 lectio
1628 3146 1703 3209 iecit
1723 3165 1821 3230 sugu-

374 3237 525 3294 tm'stt‘mst
545 3234 640 3293 tomo
661 3240 700 3291 stt
719 3236 882 3293 ministros
901 3233 1017 3294 mrsu
1039 3237 1068 3289 st
1121 3234 1260 3303 stiorem,
1283 3240 1317 3291 ut
1331 3235 1437 3292 merito
1461 3250 1526 3292 esm
1542 3251 1596 3314 pro
1612 3248 1759 3313 gemens
1773 3255 1817 3296 re·

374 3320 604 3398 dispssmtom
625 3322 845 3393 mysteriorum
871 3322 943 3393 Det,
970 3317 1067 3377 icor.
1121 3321 1233 3399 ceperit
1248 3317 1340 3379 editio
1352 3317 1550 3380 Oiementinm
1572 3319 1820 3405 sciendumque

373 3410 396 3468 i.
417 3408 479 3469 Per
493 3409 550 3467 hos
568 3408 657 3486 igitur
671 3404 826 3479 Christus,
842 3407 894 3487 qui
908 3404 1000 3466 semei
1016 3402 1066 3462 ob·
1123 3425 1198 3485 que,
1214 3423 1267 3485 pro
1283 3425 1336 3479 eo,
1352 3404 1432 3487 quod
1446 3423 1502 3466 nos
1519 3406 1678 3468 hatenus:
1694 3412 1730 3469 ist
1741 3425 1820 3487 per·

373 3496 435 3555 teiit
448 3504 549 3555 semet
563 3494 660 3571 ipsum
681 3495 713 3553 in
733 3514 836 3564 crues,
863 3492 949 3552 offert
969 3489 1068 3550 sdhuo
1118 3500 1270 3569 potuum,
1299 3492 1417 3553 (imese
1439 3491 1516 3571 legi:
1539 3484 1586 3560 εἰς
1604 3486 1640 3551 τὸ
1655 3488 1818 3571 παντελὲς,

373 3582 504 3661 quotidie
518 3582 550 3640 iu
566 3581 718 3654 Emissis,
745 3600 799 3660 pro
823 3578 960 3659 ejusdem
976 3579 1066 3638 secri-
1122 3577 1203 3659 quod
1220 3579 1363 3640 Erssmus
1380 3588 1409 3640 et
1423 3581 1590 3641 Henteuins
1612 3591 1747 3643 vertunt:
1774 3583 1818 3644 od

373 3668 426 3727 ficii
457 3670 754 3741 commemorstiono,
784 3686 891 3747 corpus
921 3684 1010 3725 sumn
1037 3670 1068 3722 et
1122 3668 1270 3742 pienum,
1287 3666 1499 3746 Stspuiensis:
1514 3667 1557 3727 ad
1570 3668 1756 3746 perfectum.
1779 3668 1826 3731 I'd-

373 3756 564 3836 unguinum
580 3754 657 3812 sicut
671 3764 701 3813 et
715 3773 769 3832 per
779 3774 831 3814 eos
843 3753 969 3813 verbum
981 3770 1067 3831 prse-
1123 3753 1199 3812 enim
1216 3756 1338 3834 propris
1350 3752 1467 3815 Gtssce
1479 3754 1657 3834 significent
1681 3757 1818 3819 Taurei

372 3842 529 3902 dicationis
543 3848 575 3899 et
587 3850 775 3900 sscrsmentu
797 3840 937 3901 fidelibus
953 3846 1067 3917 eroget
1122 3839 1218 3919 Syrus
1233 3859 1356 3919 qnoque
1372 3844 1520 3919 interpres
1533 3844 1641 3902 vertit:
1662 3848 1698 3905 ist
1713 3851 1817 3905 ocus·

372 3928 473 4009 Qum
488 3925 688 3987 secerdotium
707 3928 817 3988 Christi
838 3945 1017 4008 permanens
1032 3941 1068 3982 so
1121 3944 1209 3987 uum.
1232 3926 1315 3986 Usus
1330 3937 1375 3987 est
1390 3927 1496 3987 eedem
1511 3947 1587 3989 vose
1601 3930 1700 3992 Lucus
1716 3931 1816 3992 Even-

371 4026 551 4096 porpetnum
566 4033 626 4073 non
640 4014 775 4074 excindit
797 4015 873 4075 siios
888 4013 1067 4083 secerdotes,
1121 4013 1192 4091 goiii
1208 4016 1254 4072 sni
1276 4029 1338 4093 csp.
1358 4015 1424 4086 13,
1451 4012 1503 4074 nb'i
1525 4025 1586 4075 tem
1609 4017 1751 4096 vutgrtns
1773 4019 1817 4080 in·

371 4102 455 4163 nodo
470 4100 690 4161 subordinatus.
715 4101 749 4161 Si
764 4103 840 4161 enim
859 4101 957 4173 Deus,
973 4108 1065 4159 soter·
1121 4109 1255 4179 terpres,
1279 4119 1367 4179 qurum
1384 4101 1528 4161 Firssmus
1550 4110 1719 4166 verterunt:
1746 4121 1817 4167 om·

371 4208 424 4250 nus
440 4209 479 4249 sc
494 4205 656 4266 supremus
666 4187 779 4266 judex,
795 4187 886 4247 hebet
901 4206 971 4246 snus
986 4189 1067 4245 rios·
1121 4190 1209 4247 us'so.
1248 4188 1312 4248 Nec
1335 4190 1482 4263 omnino,
1511 4190 1664 4269 inquiunt,
1689 4199 1819 4270 poteret

371 4279 427 4339 rios
443 4294 481 4335 so
494 4275 650 4335 ministros
663 4273 795 4353 judices,
813 4275 842 4333 id
859 4286 906 4335 est
920 4293 973 4354 per
990 4291 1067 4351 quos
1121 4291 1245 4333 emtum
1273 4277 1442 4351 respicere,
1476 4276 1541 4334 sive
1567 4280 1684 4355 cripere
1711 4288 1816 4358 capus.

371 4365 424 4424 Dei
436 4361 590 4441 judicium
614 4374 791 4429 exercentur
811 4363 840 4419 in
861 4363 964 4432 torris,
992 4362 1069 4419 sient
1123 4358 1230 4420 Graeci
1260 4372 1508 4422 commentatores
1543 4362 1640 4426 locum
1670 4366 1750 4427 huuc
1780 4365 1818 4426 de

371 4452 480 4510 dicitur
493 4450 584 4508 Deut.
603 4454 629 4508 1.
647 4458 678 4508 et
693 4449 792 4508 spur.
811 4452 874 4519 19.,
895 4466 948 4507 our
962 4467 1020 4507 non
1037 4456 1068 4505 et
1122 4447 1259 4525 perfecta
1295 4448 1392 4507 salute
1430 4460 1600 4528 exponunt,
1641 4455 1817 4513 nominatim

370 4537 516 4604 Christus,
532 4544 672 4595 aeternus
687 4546 781 4613 atque
796 4536 953 4614 primarius
968 4553 1065 4594 escer-
1122 4533 1342 4594 Theodoretue.
1380 4536 1455 4595 Num
1479 4534 1560 4614 quod
1577 4535 1816 4618 Chrysostomus,

370 4623 422 4684 dos
436 4643 476 4683 sc
492 4620 635 4682 Pontifex
650 4631 768 4693 noster,
792 4631 950 4699 postquam
966 4639 1080 4699 recep·v
1122 4628 1234 4680 etcum
1251 4622 1348 4680 secuti
1363 4621 1612 4702 'theophylactus
1628 4633 1659 4685 et
1673 4622 1817 4683 Osoume·

370 4720 417 4771 tus
438 4719 485 4770 est
506 4711 538 4770 in
559 4710 691 4782 eoelum,
714 4706 823 4768 hebent
845 4710 973 4767 vicanos
996 4726 1066 4766 snos
1121 4707 1188 4766 nius
1209 4727 1312 4767 rocem
1336 4706 1480 4769 Graecum
1503 4710 1550 4769 sic·
1571 4711 1817 4788 interpretentur:

370 4798 555 4869 secerdotes,
578 4816 635 4875 per
650 4815 727 4874 quos
750 4793 872 4854 visibile
890 4795 1066 4854 sucrificium
1120 4812 1187 4853 most
1208 4794 1252 4853 od
1275 4801 1397 4870 tompus
1417 4802 1562 4871 tumtum,
1585 4797 1638 4857 ssd
1661 4798 1757 4854 stium
1773 4792 1818 4874 [ist

370 4884 496 4963 shipso
516 4885 685 4944 institutum
708 4882 848 4941 offeretur
877 4882 908 4939 in
931 4881 1067 4941 Ecclesis
1117 4880 1234 4957 futuro
1251 4883 1335 4955 vito,
1358 4881 1508 4959 expositio
1532 4890 1580 4942 est
1600 4879 1752 4962 periectos
1772 4893 1827 4944 ιιι·

370 4971 517 5032 miiitsntc
529 4989 626 5052 super
640 4966 771 5028 terrum?
1120 4966 1199 5027 lutis.

402 5057 468 5120 ⁴Est
496 5066 602 5119 sutem
633 5054 736 5116 obiter.
757 5054 980 5115 observsudum
1010 5052 1065 5113 isos
1162 5053 1266 5133 Atque
1290 5072 1325 5113 eo
1355 5050 1444 5113 modo
1478 5054 1570 5117 otton
1601 5051 1820 5135 mctptesdrsr,

1542 5155 1614 5228 11·
