4442 5825
612 606 831 664 morosas-so
849 606 1014 665 mastos
1047 606 1252 663 amasses.
1580 606 1659 682 a„

371 802 478 859 erasm,
501 802 535 846 se
555 784 727 847 Hebraeum
750 803 824 858 esse,
846 803 907 846 non
1003 787 1052 848 tt.
1068 784 1172 862 lloots
1185 784 1313 861 alipene,
1329 783 1437 863 omlol
1445 800 1517 844 essm
1529 783 1652 860 popolo

371 890 407 931 ss
429 871 585 933 Educatus
607 873 752 949 estenim
771 892 789 931 e
811 882 912 932 matre·
960 875 1022 934 Dei
1027 916 1039 948 ,
1066 890 1164 949 qoem
1190 870 1377 949 teusporolis
1395 873 1518 1016 peceati
1539 869 1655 931 lolem

371 956 474 1019 esuris
495 977 594 1038 usque
615 956 656 1018 ed
677 967 806 1019 aetatem
825 958 908 1019 edul-
955 960 1201 1035 jucunditatem.
1238 957 1372 1020 (ineest
1424 948 1592 1033 ιιόλαυοιν,
1622 956 1655 1016 id

371 1062 420 1107 um
441 1043 560 1107 demum
574 1043 711 1105 redditus
732 1045 813 1104 tiliae
828 1045 907 1106 Phe·
960 1053 1014 1120 est,
1035 1047 1225 1124 insitionem
1248 1062 1302 1107 teu
1318 1044 1566 1106 delectationem.
1590 1045 1657 1105 Nee

371 1149 733 1299 temtaret?
747 1131 908 1298 titt&
959 1132 1600 1296 {isimffli’am'i'tassifflffl'im
1562 1122 1654 1278 “iii

371 1267 374 1278 .
1071 1264 1082 1296 ,
1649 1260 1657 1278 .

371 1304 394 1365 lt
409 1305 581 1385 Apostolus,
595 1304 702 1365 Mosen
717 1303 784 1377 fide,
807 1304 837 1364 id
852 1313 906 1377 est,
960 1306 1063 1385 Atque
1085 1307 1129 1366 ite
1149 1314 1272 1368 veteres·
1290 1306 1383 1366 οιιιιιι
1397 1303 1537 1381 Graecos
1561 1304 1656 1384 Chry·

371 1390 712 1465 redirinseslmonitum‚
724 1394 909 1470 cognovisse,
960 1401 1123 1454 sostomum
1149 1412 1186 1454 sc
1210 1400 1360 1469 umeros,
1388 1392 1518 1472 legisse,
1548 1390 1658 1452 docent

370 1497 404 1538 se
425 1477 520 1539 filium
541 1478 709 1540 naturalem
732 1477 813 1538 tiliae
829 1478 907 1538 Ple·
960 1497 1064 1539 eorum
1071 1481 1289 1541 commentarii.
1304 1478 1658 1559 Aquibueueeflyn'ecs

371 1584 418 1626 roo
444 1567 524 1626 enim
549 1566 652 1647 procul
678 1565 769 1626 dubio
795 1564 908 1626 sciebat
960 1566 1098 1626 dissentit
1114 1564 1216 1627 editio.
1239 1566 1291 1628 Sis
1306 1568 1387 1627 enim
1402 1565 1510 1627 haba:
1532 1568 1576 1627 Et
1589 1582 1658 1627 nort

371 1660 459 1724 ustre,
482 1671 569 1733 quem
591 1671 631 1713 ex
652 1651 831 1734 adopteute;
854 1650 908 1710 sed
960 1653 1082 1713 modico
1108 1659 1251 1731 tempore
1276 1653 1429 1714 delectori
1453 1655 1491 1714 irs
1517 1659 1657 1730 peceato.

371 1746 392 1798 ιι
416 1738 599 1818 hujusmodi:
620 1737 711 1800 Fides
738 1739 849 1812 effecit,
875 1748 909 1798 nt
961 1739 1076 1799 Paulus
1091 1758 1213 1820 quoque
1229 1737 1329 1802 icor.
1342 1745 1372 1802 4.
1389 1737 1429 1800 sd
1442 1740 1531 1812 buna
1546 1738 1658 1820 quibus

373 1825 508 1900 eiectus,
528 1825 719 1906 adoptionem
735 1827 814 1887 filiae
828 1824 905 1886 Phe·
959 1825 1095 1887 homiues
1110 1826 1259 1900 fruuntur,
1274 1826 1402 1888 eandem
1417 1846 1523 1889 vocem
1537 1826 1659 1887 retulit:

371 1932 378 1973 ι
402 1913 516 1993 regiam
541 1915 751 1994 cognationem
778 1919 907 1973 contem·
961 1914 1222 1993 Qooeoideator,
1239 1915 1346 1994 inquit,
1360 1914 1659 1993 temporationem

371 1998 497 2078 illutque
516 1999 615 2080 pelam
630 2002 733 2062 vocari
748 2000 908 2060 Hebraeus
960 2018 1043 2077 qous
1067 2018 1137 2063 nost
1163 2002 1331 2076 videretur,
1363 2009 1504 2063 ammo.
1542 2001 1658 2062 Verum

371 2087 404 2147 ris
434 2086 566 2147 Hebraei
593 2087 688 2163 filius,
718 2106 808 2167 quam
827 2086 908 2146 filius
961 2089 1029 2147 sive
1044 2089 1219 2165 temporale
1234 2087 1273 2148 sd
1289 2087 1530 2149 delectationem
1544 2087 1656 2148 relere-

371 2183 407 2233 ιιι
422 2173 500 2234 filiae
518 2176 607 2254 regis.
960 2182 1015 2248 tur,
1036 2176 1101 2235 sire
1116 2174 1156 2235 sd
1169 2182 1346 2252 peecatum,
1366 2174 1494 2256 legendo
1507 2168 1660 2253 spocsei·

371 2261 465 2341 egitm·
494 2280 560 2321 sem
591 2259 783 2342 adoptionem
809 2262 908 2322 Moses
961 2275 1026 2338 poe,
1049 2260 1133 2341 quod
1147 2263 1179 2322 in
1193 2263 1298 2343 peucis
1313 2261 1494 2342 quibusdem
1510 2282 1546 2323 sc
1559 2264 1659 2324 minue

371 2349 496 2428 rpuiese;
519 2345 574 2409 sed
588 2346 669 2408 teoto
695 2351 770 2410 eatis
784 2349 908 2429 respuit,
961 2348 1094 2428 probetis
1110 2348 1332 2430 exemplaribus
1348 2348 1475 2410 Graecis
1489 2349 1612 2429 legitur,
1627 2348 1659 2409 in

379 2434 485 2495 relicte
512 2434 582 2495 auls
607 2437 707 2515 regie,
734 2436 773 2498 ed
799 2435 908 2496 iratres
961 2454 1052 2498 sensu
1065 2456 1126 2497 nou
1140 2455 1281 2516 maguum
1296 2444 1342 2497 est
1355 2435 1522 2510 discrimen,
1537 2447 1568 2496 et
1583 2435 1658 2497 alte

371 2526 471 2583 bracos
498 2524 528 2584 in
554 2523 715 2584 afflictione
741 2521 909 2583 visitandos
961 2541 1024 2583 rum
1040 2521 1133 2584 iscile
1148 2543 1187 2583 ex
1203 2523 1297 2584 altero
1313 2522 1507 2602 intelligitur3
1530 2532 1565 2583 ut
1578 2529 1659 2583 tess-

371 2618 426 2681 est,
451 2629 507 2670 nec
523 2608 563 2670 ed
576 2608 666 2669 sulse
688 2609 815 2670 deliciae
829 2609 910 2670 ultre
957 2610 1073 2685 porole
1087 2608 1206 2670 dirstur
1218 2617 1382 2686 peeeotssm
1398 2610 1438 2670 ab
1453 2609 1570 2683 effectu,
1585 2610 1659 2690 quie

384 2704 420 2755 ut
440 2698 551 2777 legitur
571 2695 668 2757 Exod.
693 2701 721 2759 2.
744 2705 775 2756 et
795 2696 861 2757 Act.
879 2696 907 2754 7.
962 2694 1137 2769 delectatio,
1159 2716 1239 2777 quse
1260 2703 1386 2774 peccato
1406 2697 1570 2777 quaeritur,
1593 2696 1660 2756 diu·

371 2801 407 2842 ur
433 2793 532 2844 sutem
556 2784 612 2844 hoc
634 2783 700 2861 ejus
723 2784 812 2855 fidei,
835 2785 910 2863 quis
961 2791 1050 2844 turns
1064 2802 1133 2845 esse
1147 2804 1209 2844 non
1222 2790 1330 2864 potest
1354 2782 1546 2864 Quemquam
1560 2784 1658 2862 magis

371 2869 487 2931 alaram
511 2870 702 2952 adoptionem
725 2889 792 2931 cum
806 2870 910 2932 labore
962 2880 1138 2932 consuetum
1165 2879 1225 2946 eet,
1253 2870 1328 2944 dici,
1353 2870 1423 2932 dum
1450 2873 1519 2951 quis
1544 2877 1659 2951 peccat,

371 2977 416 3018 »ne
433 2978 490 3018 non
503 2964 706 3031 commutaret,
721 2960 779 3019 n²si
794 2958 909 3037 majore
962 2957 1191 3021 delectationem
1203 2960 1339 3032 maurice,
1353 2968 1511 3039 peecatum
1526 2976 1658 3019 menore.

371 3063 404 3103 se
427 3043 488 3104 fide
508 3045 690 3117 intuebatur,
710 3052 909 3125 exspectaret.
962 3046 1041 3106 Nam
1053 3046 1111 3107 etsi
1123 3064 1192 3106 cum
1203 3044 1406 3106 delectatione
1416 3052 1552 3105 tremeat
1566 3045 1656 3105 etism

371 3134 519 3205 etenim,
545 3140 579 3192 ut
605 3133 706 3191 statim
733 3131 848 3204 dicitur,
874 3132 910 3190 irs
962 3133 1187 3213 sctuepeccsti,
1203 3140 1414 3193 msnettsmeu
1425 3140 1527 3193 reatus
1543 3140 1574 3193 et
1588 3151 1657 3192 oon-

371 3219 516 3278 otionem.
546 3219 631 3278 Dicit
645 3229 754 3290 sutem,
775 3217 910 3295 prendit
963 3220 1106 3280 scientiae
1125 3236 1252 3279 morene

371 3324 423 3365 rou
444 3304 534 3365 modo
555 3311 688 3370 emtore.
712 3304 765 3364 sed
788 3307 911 3383 insuper
1006 3306 1178 3386 Quaeritur,
1195 3303 1233 3364 de
1246 3303 1487 3383 qussfflictione‚
1503 3313 1534 3365 et
1549 3304 1659 3385 dequo

371 3390 479 3463 electu,
494 3391 575 3472 quis,
591 3386 910 3471 ntreiertdstephs·
962 3401 1086 3471 peccato
1109 3391 1250 3471 loquetur
1274 3391 1449 3471 Apostolus.
1482 3391 1554 3451 Nou
1579 3392 1658 3451 euim

370 3478 399 3537 7.
421 3471 574 3558 (idemque
594 3476 743 3557 colligitur
763 3497 802 3538 ex
816 3477 909 3539 hieto·
962 3478 1065 3539 Moses
1088 3476 1253 3560 sliqusndo
1275 3495 1341 3538 eum
1362 3478 1489 3539 caeteris
1509 3477 1661 3538 Hebraeis

371 3559 398 3642 i),
420 3563 676 3644 quadragenariae
692 3572 765 3640 esst,
789 3563 910 3644 quando
964 3566 1091 3626 servivit
1104 3567 1135 3626 in
1151 3565 1212 3625 luto
1231 3572 1262 3625 et
1277 3563 1380 3625 latere
1403 3565 1444 3626 itt
1458 3565 1485 3624 ei
1499 3571 1659 3644 peceatum

371 3669 408 3710 ue
430 3650 574 3725 escendit,
595 3661 630 3711 ut
650 3650 758 3711 lustres
779 3670 851 3712 euos
865 3652 908 3711 vi·
963 3661 1034 3725 eret,
1056 3652 1216 3712 verseriin
1238 3651 1391 3712 effluentis
1409 3651 1554 3712 bonorum
1570 3648 1660 3711 sulse

963 3740 1076 3819 regise,
1098 3746 1279 3819 peccaverat
1301 3738 1394 3819 igitur
1411 3745 1456 3798 tot
1469 3745 1549 3799 retro
1564 3738 1660 3810 mnis,

371 3831 470 3884 rtem
491 3841 558 3884 sero
580 3822 619 3884 ed
642 3842 695 3885 eos
710 3841 744 3885 ee
759 3823 911 3886 contulit?
964 3826 1075 3905 quibus
1096 3828 1176 3885 inter
1196 3823 1284 3886 sulse
1305 3843 1446 3905 proceres
1465 3823 1566 3885 dierat
1580 3843 1659 3884 com·

378 3911 503 3971 irsoum
516 3910 645 3971 salutem
660 3912 742 3989 prius
758 3912 908 3992 neglexis-
963 3922 1104 3972 moratus.
1127 3910 1176 3972 Ad
1196 3919 1355 3992 utrumque
1376 3910 1562 3992 respondeo:
1585 3911 1659 3971 Pee-

371 3998 445 4057 rinus
456 4004 600 4068 curasset,
612 3995 800 4079 voluptatum
810 4000 910 4079 Aegy·
964 4008 1061 4060 cesset
1074 3998 1184 4072 Moses,
1200 3998 1226 4057 ei
1240 3997 1411 4079 voluptates
1426 4005 1458 4059 et
1471 4017 1544 4078 opes
1556 3997 1659 4078 Aegy·

374 4082 523 4144 illecebris
548 4093 727 4162 occupatum
756 4084 811 4145 sed
841 4085 910 4147 ideo
964 4086 1043 4165 ptiss
1079 4084 1270 4165 praetulisset
1304 4085 1397 4145 saluti
1427 4091 1460 4144 et
1488 4083 1661 4145 liberationi

371 4168 419 4231 rod
444 4168 678 4250 exspectandam
704 4170 762 4231 sibi
789 4179 911 4251 putaret
963 4189 1036 4231 esee
1051 4171 1157 4250 pende,
1180 4178 1233 4231 eut
1248 4172 1291 4230 its
1307 4173 1351 4232 eis
1373 4172 1529 4232 immamus
1545 4171 1660 4245 luisset,

371 4265 439 4330 tem,
454 4276 534 4336 quse
549 4254 588 4317 ed
603 4276 651 4317 ree
665 4277 791 4337 rusguee
804 4276 910 4339 geren·
963 4255 1202 4319 crismentur
1217 4258 1333 4318 efflictis
1349 4277 1408 4319 non
1423 4266 1548 4319 cureret.
1571 4255 1660 4319 Unde

371 4344 546 4405 eemaxime
557 4342 719 4423 judicatur.
743 4346 804 4406 Aut
820 4354 911 4416 certe,
964 4345 1057 4405 Amos
1081 4347 1109 4406 6.
1136 4345 1270 4423 grauiter
1294 4346 1489 4426 increpentur
1515 4346 1661 4423 opulenti

379 4439 502 4503 mntem,
516 4429 911 4511 quamanimoconceperat,
964 4434 999 4492 in
1022 4432 1118 4505 eros,
1144 4430 1230 4508 occo
1252 4432 1335 4492 stitit
1354 4438 1544 4508 poterentur
1564 4447 1662 4507 rupee

371 4535 405 4578 ue
418 4517 564 4596 peculiari
578 4516 804 4591 Doiiustiuctn,
821 4537 910 4598 quem
947 4535 950 4540 ·
964 4520 1157 4579 contritione
1171 4519 1302 4594 Joeeplr.
1325 4517 1464 4579 Afflictus
1486 4525 1587 4579 sutem
1602 4517 1660 4577 init

371 4613 508 4678 memet
522 4602 648 4684 aggredi
662 4601 764 4665 nollet.
788 4604 910 4686 Alioqui
964 4623 1032 4665 cum
1053 4604 1166 4685 populo
1188 4603 1258 4677 Dei,
1285 4603 1316 4664 id
1341 4614 1395 4679 eet,
1421 4625 1487 4666 eum
1509 4603 1659 4666 Hebraeis

371 4710 389 4753 e
414 4689 593 4751 liberatione
621 4691 724 4769 populi
749 4691 814 4769 jem
841 4698 911 4751 ante
963 4690 1108 4752 iratribus
1130 4692 1199 4764 suis,
1221 4709 1282 4752 uon
1303 4690 1407 4752 eedem
1427 4710 1493 4752 eum
1514 4691 1583 4764 illie,
1606 4689 1659 4752 sed

371 4822 375 4848 ,
393 4775 525 4857 probent
546 4776 598 4837 ills
612 4776 647 4835 Β.
663 4776 859 4857 stephanide
875 4797 911 4838 eo
963 4777 1070 4838 similis
1081 4776 1285 4858 propterillos
1297 4779 1431 4859 petiene3
1446 4776 1577 4857 quando,
1592 4795 1659 4860 per·

371 4863 570 4938 ltietlmotot,
593 4865 769 4939 inteliioere
780 4865 909 4942 fratrer,
965 4883 1053 4925 cosso
1067 4865 1232 4945 Aegyptio,
1247 4863 1326 4944 tugis
1340 4872 1371 4924 et
1384 4865 1416 4925 iu
1431 4862 1558 4925 exilium
1575 4865 1659 4938 abiit·

383 4952 473 5013 Desss
485 4968 544 5028 per
557 4968 692 5011 mosum
706 4953 806 5029 ipsios
820 4951 914 5012 duret
965 4950 1016 5011 ubi
1030 4950 1193 5031 pascendis
1208 4949 1314 5011 oribus
1329 4950 1424 5011 sitem
1438 4954 1592 5032 trmssgit,
1607 4952 1658 5033 qul

371 5037 440 5098 llis.
964 5036 1078 5100 dudum
1091 5038 1126 5098 iu
1138 5036 1282 5120 Aegypm
1303 5036 1421 5100 delitiis
1442 5045 1473 5098 et
1486 5037 1663 5122 opibussb·
