4442 5825
852 420 884 477 ur
903 421 1072 479 muratas
1087 422 1128 478 au
1147 421 1310 478 maanes.
1753 428 1799 501 15

363 594 486 668 taloeat,
507 604 601 677 atque
615 597 643 656 si
660 597 728 676 quis
743 595 832 672 dieat,
846 616 885 659 ea
900 615 980 677 quae
994 597 1054 659 elu-
1108 606 1254 677 perpetuo
1284 598 1414 658 citantur
1438 617 1500 659 non
1523 597 1615 676 juxta
1642 598 1800 683 veritatem

361 690 483 763 quanter
506 682 631 744 Jasaiaa
657 681 808 745 Hebraiee
834 684 967 764 scripsit,
994 682 1053 746 elo·
1107 682 1310 756 Hebraicam,
1346 683 1400 743 sed
1434 681 1599 745 secundum
1634 686 1800 747 versionem

360 769 499 847 quentius
521 767 561 829 ab
584 769 772 848 Hieronymo
796 768 941 830 translata
961 770 1055 830 fuisse
1107 769 1207 830 LXX.
1224 772 1424 848 interpretum,
1440 791 1499 831 non
1511 769 1660 830 mediocre
1674 772 1802 830 sumitur

358 855 385 913 iu
405 854 556 913 Latinum
573 854 701 921 Etenim
723 855 787 915 fieri
808 875 868 915 non
890 864 998 936 potest,
1022 866 1055 915 ut
1107 865 1324 934 argumentum,
1341 856 1421 935 quod
1434 855 1551 917 Graece
1563 858 1802 937 sitscripta,non

358 942 449 999 oratio
473 942 505 1000 in
519 939 648 1001 alienam
670 940 804 1021 linguam
827 941 979 1003 transfusa
994 945 1052 1022 pri·
1106 941 1265 1002 Hebraice.
1297 940 1378 1020 Quid
1396 944 1474 1002 enim
1491 943 1605 1021 alioqui
1621 944 1800 1005 convenien-

357 1044 492 1087 maeram
507 1028 634 1105 gratiam
649 1047 687 1087 ac
697 1028 822 1087 nitorem
838 1047 1054 1109 usquequaque
1105 1030 1175 1098 tius,
1191 1048 1281 1107 quam
1296 1027 1501 1093 utHebraeus
1516 1028 1556 1090 ad
1567 1028 1723 1090 Hebraeos
1738 1030 1800 1088 He-

356 1114 496 1185 retineat,
520 1111 693 1186 dummodo,
716 1114 770 1192 qui
793 1111 942 1188 transfert,
965 1116 1054 1174 inter·
1106 1114 1209 1174 braioe
1231 1114 1374 1187 scribens,
1399 1134 1436 1174 ex
1457 1114 1600 1176 Hebraeo
1621 1115 1704 1176 fonte
1720 1115 1801 1177 testi·

357 1200 450 1278 pretia
472 1208 574 1257 metas
594 1218 655 1259 non
670 1197 804 1259 excedat
827 1198 908 1278 Quin
924 1221 1006 1273 vero,
1029 1201 1053 1258 ai
1107 1200 1209 1259 monia
1231 1199 1433 1278 produceret?
1456 1203 1497 1259 At
1512 1199 1629 1262 Graece
1645 1221 1712 1262 cnm
1728 1204 1799 1262 scri·

358 1284 513 1344 Hebraioe
528 1286 641 1364 scripta
661 1292 710 1344 eat
723 1284 878 1366 Epistola:
904 1285 1055 1347 debebant
1106 1285 1206 1345 beret:
1230 1287 1336 1346 merito
1351 1288 1471 1364 putarit
1484 1286 1540 1346 sibi
1556 1286 1700 1347 utendum
1715 1288 1800 1348 testi·

356 1370 531 1430 Hebraismi
561 1371 675 1450 passim
702 1390 849 1450 apparere
880 1372 911 1430 in
938 1371 1054 1433 Graeca
1107 1372 1213 1431 moniis
1239 1391 1277 1432 ex
1302 1373 1438 1432 versione
1461 1371 1594 1445 Graeca,
1621 1381 1693 1434 tnnc
1719 1371 1800 1451 apud

357 1458 515 1527 versione,
541 1458 618 1516 sicut
643 1455 781 1517 videmus
808 1459 840 1516 in
865 1458 1053 1518 versionibus
1106 1456 1211 1517 fideles
1227 1459 1446 1537 receptissima:
1463 1458 1685 1521 sicutJaeobua
1702 1457 1798 1519 etPe·

357 1542 572 1622 prophetarum
594 1551 655 1602 tam
675 1541 800 1603 Graecis
823 1561 914 1623 quam
930 1544 1053 1604 Latinis.
1107 1551 1172 1604 trus
1193 1542 1330 1605 iecerunt
1351 1544 1390 1604 ad
1405 1543 1541 1605 Judaeoa
1564 1547 1595 1604 in
1616 1545 1801 1625 dispersione

358 1629 431 1688 Nam
448 1629 475 1687 si
492 1627 608 1689 Paulus
631 1630 662 1689 in
686 1630 732 1701 iis,
755 1648 835 1708 quae
851 1627 966 1691 Graece
981 1632 1053 1690 scri·
1107 1630 1222 1708 positos
1253 1629 1368 1691 Graeco
1397 1631 1572 1692 scribentes.
1617 1631 1676 1692 Sed
1707 1631 1799 1711 ajunt,

358 1718 421 1793 psit,
442 1713 610 1774 identidem
630 1714 800 1791 hebraiaat3
824 1723 937 1796 quanto
959 1716 1054 1794 magis
1107 1715 1234 1775 Paulum
1249 1715 1401 1777 Hebraioe
1422 1717 1607 1790 scribentem,
1630 1719 1802 1778 testimonia

359 1804 387 1860 in
401 1798 581 1861 Hebraeis?
597 1800 691 1881 Atqui
706 1801 832 1862 rariores
848 1810 919 1862 sunt
933 1802 1054 1862 Hebra·
1107 1804 1254 1881 posuisse,
1276 1811 1310 1862 ut
1332 1813 1403 1863 aunt
1425 1805 1454 1862 in
1477 1802 1627 1875 Hebraeo,
1653 1802 1801 1864 Graecum

360 1889 420 1947 ismi
435 1890 467 1948 iu
480 1887 542 1946 hac
558 1886 705 1966 Epistula,
722 1907 812 1967 quam
827 1889 859 1947 in
874 1891 1009 1949 caeteris.
1108 1907 1179 1947 vero
1216 1889 1404 1967 interpretem
1441 1909 1495 1967 pru
1532 1888 1592 1948 illis
1628 1892 1798 1970 reposuisse

398 1971 489 2034 Unde
518 1971 611 2052 plaue
637 1972 786 2052 colligitur
812 1992 871 2034 nou
896 1973 1054 2048 Hebraico,
1109 1971 1236 2046 Graece,
1259 1975 1452 2036 aversione
1467 1974 1567 2037 Lxx.
1598 1975 1640 2033 At
1661 1974 1691 2035 id
1715 1974 1800 2036 facil·

360 2058 407 2119 sod
428 2057 552 2120 Graece
574 2059 717 2138 scriptam
736 2078 813 2120 esse.
842 2058 940 2139 Cujus
963 2061 1053 2121 suam
1109 2059 1180 2120 lime
1193 2059 1345 2121 refellitur.
1362 2062 1503 2132 Primum,
1518 2063 1659 2141 quianon
1672 2062 1800 2123 estfide·

361 2148 397 2206 rei
418 2143 570 2206 nonnulle
592 2147 765 2224 conjectura
780 2155 835 2220 est,
859 2145 941 2226 quod
956 2166 1054 2227 neque
1108 2145 1145 2205 lis
1161 2147 1330 2226 interpretis
1346 2146 1384 2205 ad
1399 2145 1478 2206 hunc
1492 2144 1613 2206 modum
1629 2148 1802 2208 testimonia

362 2240 453 2291 enatat
468 2231 634 2303 Hebraico,
650 2250 750 2312 neque
766 2234 926 2313 quisquam
941 2243 987 2293 est
1002 2251 1053 2292 ve·
1107 2241 1243 2292 mutare:
1265 2250 1367 2312 neque
1380 2231 1437 2292 boo
1451 2240 1539 2312 pacto
1561 2250 1598 2292 ea
1612 2231 1801 2306 hebetemus,

364 2328 460 2388 terum,
476 2318 532 2396 qui
549 2324 677 2378 testetur
692 2337 725 2378 se
740 2317 861 2378 vidisse.
878 2316 957 2379 Nam
973 2318 1055 2398 quod
1108 2328 1141 2377 ut
1156 2338 1174 2377 a
1189 2318 1286 2379 Paulo
1309 2320 1422 2396 scripta
1436 2325 1515 2390 sunt,
1537 2317 1592 2378 sed
1607 2328 1642 2377 ut
1658 2317 1696 2378 ab
1712 2321 1801 2381 inter·

366 2405 489 2463 scribunt
522 2402 655 2482 quidam,
684 2405 841 2485 exemplar
869 2403 1055 2465 Hebraicnm
1108 2414 1194 2483 prete
1209 2413 1331 2465 mutata.
1347 2403 1470 2464 Deinde
1482 2423 1548 2465 cum
1561 2403 1675 2466 Paulus
1687 2404 1717 2465 in
1733 2405 1802 2465 aliis

368 2491 443 2548 etiam
472 2487 566 2549 modo
591 2488 705 2550 alieubi
729 2499 851 2566 extare,
881 2490 1054 2569 figmentum
1107 2485 1264 2569 Epistolis,
1279 2509 1356 2570 quas
1371 2489 1487 2551 Graooe
1503 2492 1623 2571 scripsit
1637 2489 1676 2551 ad
1692 2491 1799 2552 Ecule-

368 2575 493 2645 sitnisi
515 2575 678 2654 loquantur
699 2574 738 2636 de
752 2576 877 2655 Syriaco
892 2576 1054 2637 Hebraicis
1107 2576 1169 2637 aias
1183 2578 1327 2656 gentium,
1350 2595 1565 2654 saepenumero
1588 2578 1661 2637 citet
1675 2578 1799 2662 seriptu-

368 2660 455 2720 literis
467 2664 650 2741 conscripto.
667 2660 735 2721 Hoc
745 2671 844 2723 autem
856 2682 916 2722 non
928 2682 946 2721 a
957 2663 1055 2723 Paulo
1107 2682 1158 2722 ras
1174 2682 1214 2722 ex
1229 2662 1381 2734 Hebraeo,
1406 2682 1484 2742 qnae
1505 2664 1583 2723 ratio
1601 2664 1695 2723 movit
1710 2665 1799 2725 inter·

370 2747 502 2824 seriptum
518 2755 582 2824 est3
604 2746 659 2807 sed
682 2766 719 2807 ex
735 2745 851 2809 Graeco
867 2748 1054 2823 manslatum,
1106 2755 1230 2828 pretam,
1252 2757 1285 2808 ut
1305 2750 1336 2809 in
1354 2747 1514 2809 reddendis
1536 2749 1712 2810 testimoniis
1727 2750 1800 2831 Epi·

370 2834 435 2891 sicut
444 2832 508 2892 alia
520 2834 592 2893 novi
604 2834 782 2907 testamenti,
795 2842 916 2894 auctore
928 2835 1053 2909 incerto,
1107 2833 1204 2894 stolae
1220 2834 1413 2914 peculiariter
1427 2833 1467 2895 ad
1478 2833 1635 2896 Hebraeos
1649 2834 1802 2897 Hebraioa

371 2938 399 2978 ao
416 2918 505 2999 longe
527 2928 597 3000 pust
616 2919 826 2999 Apostolorum
848 2928 991 3001 tempora,
1017 2941 1053 2982 ac
1106 2920 1210 2999 lingua
1225 2922 1422 3000 oonseriptae,
1443 2922 1542 2981 rivum
1556 2923 1657 2999 potins
1672 2931 1800 2983 sectare·

372 3015 459 3065 nostra
480 3004 602 3066 demum
624 3014 723 3066 aetate
738 3006 906 3067 Hebraicae
929 3005 1054 3086 linguae
1107 3015 1164 3079 tur,
1180 3026 1268 3086 quam
1284 3006 1397 3067 iontem
1409 3005 1574 3069 retineret?
1589 3007 1730 3089 Denique
1744 3009 1799 3068 cir·

373 3090 588 3151 characteribus
602 3110 785 3170 expressum.
811 3093 867 3152 Est
882 3093 960 3154 enim
974 3112 1053 3153 nnus
1107 3094 1306 3153 cumstautiae
1330 3093 1465 3153 locorum
1490 3093 1582 3174 plane
1611 3095 1801 3167 convincunt,

374 3174 501 3257 idemque
514 3187 619 3238 auctor
633 3179 723 3238 totius
734 3177 852 3258 Syriaci
867 3188 983 3240 textus:
999 3181 1052 3259 qui
1106 3186 1257 3238 auctorem
1284 3180 1395 3239 citasse
1422 3181 1588 3239 testimonia
1609 3188 1700 3259 prout
1722 3198 1802 3240 nune

373 3262 435 3322 aient
456 3262 541 3338 alibi,
563 3265 606 3323 sic
621 3270 652 3321 et
670 3265 703 3323 in
724 3264 782 3324 hae
804 3264 943 3343 Epistola
964 3285 1051 3344 para·
1107 3265 1222 3324 suntin
1235 3263 1362 3335 Graeco,
1383 3281 1443 3324 nou
1466 3274 1574 3337 autem,
1596 3273 1632 3324 nt
1651 3264 1802 3324 habentur

374 3348 501 3422 pbrasten
527 3348 676 3409 interdum
701 3351 779 3428 agit3
808 3369 908 3429 neque
937 3369 1054 3431 semper
1107 3351 1139 3411 in
1150 3349 1299 3411 Hebraeo.
1322 3347 1499 3428 Oujusmodi
1514 3358 1584 3412 sunt
1595 3349 1799 3412 istaexPaal·

374 3430 477 3496 Graeca
504 3437 695 3513 assequitur,
720 3437 781 3496 imo
804 3432 936 3496 Graecas
962 3455 1054 3497 voces
1106 3437 1164 3496 mis
1179 3455 1243 3515 cap.
1262 3439 1289 3495 1.
1312 3436 1374 3514 Qui
1397 3437 1479 3513 [uait
1500 3438 1630 3512 eupales
1646 3453 1719 3498 attus
1732 3437 1800 3513 api·

373 3518 525 3600 aliquando
540 3522 659 3594 retinet,
674 3529 708 3580 ut
718 3522 750 3582 in
760 3520 818 3580 bac
828 3522 896 3599 ipsa
911 3522 1055 3603 Epistula
1106 3524 1196 3583 ritus.
1213 3519 1288 3601 (lap.
1305 3525 1333 3583 2.
1359 3523 1508 3584 Minuiatt
1530 3542 1601 3584 aum
1622 3522 1723 3598 poulo
1738 3525 1800 3582 νηί-

373 3625 426 3685 cap.
443 3611 471 3670 9.
489 3599 650 3684 διαθήκην,
666 3605 697 3667 id
712 3614 759 3668 est
772 3613 998 3685 testamentum
1018 3627 1054 3668 eo
1106 3625 1169 3670 arat
1194 3607 1235 3668 ab
1261 3609 1392 3683 capelia.
1419 3606 1494 3690 Gap.
1520 3610 1568 3669 10.
1599 3610 1744 3669 Hostium
1772 3615 1802 3669 ct

372 3692 442 3769 quod
466 3693 530 3753 vim
551 3690 661 3754 Graeci
682 3691 831 3767 vocabuli,
853 3689 955 3773 quam
968 3702 1056 3774 urget
1107 3693 1299 3755 oblationem
1308 3696 1450 3769 uoluisti
1463 3713 1578 3772 corpur
1588 3702 1801 3770 uatemapta·

370 3778 540 3857 Apostolus,
568 3797 641 3839 suae
668 3779 793 3859 linguae
816 3778 964 3842 vocabulo
994 3799 1054 3840 non
1106 3781 1147 3841 ati
1169 3781 1248 3841 milti
1267 3785 1324 3840 ete
1353 3779 1414 3841 Pro
1437 3781 1548 3858 quibus
1570 3782 1595 3840 si
1618 3790 1802 3860 reponantur

369 3875 463 3941 posset
485 3866 672 3944 exprimere:
695 3884 762 3926 eum
777 3863 853 3926 alias
869 3864 948 3926 idem
962 3885 1053 3926 vuoa·
1107 3885 1153 3938 ea,
1179 3884 1259 3944 quae
1280 3872 1351 3926 suut
1370 3867 1402 3927 in
1424 3866 1583 3928 Hebraeo:
1609 3887 1670 3928 non
1694 3886 1800 3946 parum

369 3948 471 4024 bulum,
497 3949 550 4010 nbi
569 3951 737 4031 proprietas
759 3950 826 4030 ejus
846 3971 908 4014 non
921 3959 1054 4031 urgetur,
1107 3952 1245 4012 enervari
1259 3952 1371 4030 passim
1385 3950 1536 4014 videbitur
1551 3954 1596 4012 vis
1611 3962 1799 4032 argumenta-

368 4037 392 4096 in
413 4038 570 4118 Syriacum
589 4036 752 4098 transferat
765 4046 826 4098 tam
848 4037 881 4097 in
899 4035 958 4097 bae
980 4039 1053 4118 lipi-
1106 4037 1196 4097 tionis
1210 4035 1412 4116 Apostolioae.
1438 4037 1528 4098 Unde
1543 4045 1574 4099 et
1588 4038 1612 4098 J
1613 4040 1753 4099 ausanius
1768 4040 1801 4100 in

368 4124 445 4197 atola,
468 4142 559 4203 qnam
583 4123 615 4183 in
637 4123 724 4198 aliis;
745 4123 861 4185 scilicet
874 4123 906 4183 in
920 4143 984 4185 eam
1001 4143 1053 4184 vo·
1106 4124 1349 4184 annotationibus
1360 4125 1424 4186 suis
1433 4124 1471 4185 ad
1480 4133 1659 4185 memoratos
1667 4125 1801 4186 Psalmo·

368 4228 432 4282 cem,
452 4228 534 4290 quae
548 4209 726 4289 simpliciter
741 4217 862 4288 pactum
878 4209 1054 4271 autioedns
1104 4228 1170 4269 rum
1198 4209 1371 4282 versiculos,
1397 4212 1532 4284 affirmat,
1557 4212 1736 4291 Apostolum
1763 4229 1800 4270 ea

368 4294 634 4444 attitulati
649 4299 1055 4457 ,ttitftiittttf
1106 4297 1585 4462 i⁹ltttttttiiltt
1601 4294 1800 4444 tilieti.

369 4462 445 4543 Quae
459 4468 594 4550 proiecto
607 4468 685 4530 satis
696 4476 765 4530 sunt
777 4466 816 4528 ad
827 4466 1053 4543 ostendendum,
1089 4466 1319 4528 commodasse.
1342 4470 1472 4529 Rursum
1487 4469 1550 4529 tale
1564 4478 1619 4540 est,
1638 4466 1718 4547 qnod
1733 4487 1799 4548 eap.

369 4550 509 4630 Syriacum
532 4554 626 4634 hujus
642 4554 795 4634 Epistulae
815 4560 940 4629 textum,
963 4574 1051 4634 quem
1108 4555 1156 4613 10.
1173 4555 1281 4613 citatur
1295 4573 1334 4615 ex
1347 4556 1486 4617 Abacuc:
1502 4556 1614 4616 Adbuc
1628 4553 1798 4629 modicum,

369 4634 507 4717 habemns,
522 4662 586 4703 non
602 4639 671 4701 esse
685 4639 783 4702 Pauli.
1105 4641 1415 4719 aliquantulumque,
1439 4645 1494 4719 qui
1518 4648 1670 4703 uenturae
1686 4649 1730 4701 eat
1744 4661 1799 4702 ve·

403 4726 467 4803 Sed,
488 4739 523 4791 nt
539 4726 581 4791 ad
607 4726 774 4787 institutum
788 4734 936 4788 revertam
960 4745 999 4788 ex
1015 4746 1051 4787 eo
1105 4729 1190 4801 aiat,
1217 4735 1246 4787 et
1270 4745 1339 4788 noa
1363 4728 1512 4788 madebit.
1548 4731 1664 4790 Jaataa
1689 4735 1796 4789 aratam

369 4824 519 4892 praeterea,
530 4810 616 4898 qnod
626 4813 659 4873 iu
669 4811 726 4873 hae
735 4810 874 4894 Epistula
883 4814 1052 4894 scriptruae
1104 4830 1191 4874 mua
1206 4830 1244 4874 aa
1263 4813 1326 4891 ilde
1347 4816 1436 4876 uiuit.
1459 4812 1551 4895 Quod
1565 4815 1592 4874 ai
1606 4813 1800 4876 subtraxerit
