<?xml version="1.0" encoding="UTF-8"?>
<!DOCTYPE html PUBLIC "-//W3C//DTD XHTML 1.0 Transitional//EN"
    "http://www.w3.org/TR/xhtml1/DTD/xhtml1-transitional.dtd">
<html xmlns="http://www.w3.org/1999/xhtml" xml:lang="en" lang="en">
 <head>
  <title>
</title>
<meta http-equiv="Content-Type" content="text/html;charset=utf-8" />
  <meta name='ocr-system' content='tesseract 3.04.00' />
  <meta name='ocr-capabilities' content='ocr_page ocr_carea ocr_par ocr_line ocrx_word'/>
</head>
<body>
  <div class='ocr_page' id='page_1' title='image "./guilielmiestiii01estigoog_0626.png"; bbox 0 0 4442 5825; ppageno 0'>
   <div class='ocr_carea' id='block_1_1' title="bbox 435 611 1363 694">
    <p class='ocr_par' dir='ltr' id='par_1_1' title="bbox 435 611 1363 694">
     <span class='ocr_line' id='line_1_1' title="bbox 435 611 1363 694; baseline -0.025 0"><span class='ocrx_word' id='word_1_1' title='bbox 435 623 508 694; x_wconf 83' lang='lat' dir='ltr'><strong>tlt</strong></span> <span class='ocrx_word' id='word_1_2' title='bbox 950 611 1363 671; x_wconf 73' lang='lat' dir='ltr'><strong>summramsmosrn</strong></span> 
     </span>
    </p>
   </div>
   <div class='ocr_carea' id='block_1_2' title="bbox 328 781 1916 5052">
    <p class='ocr_par' dir='ltr' id='par_1_2' title="bbox 328 781 1916 5052">
     <span class='ocr_line' id='line_1_2' title="bbox 434 781 1875 872; baseline -0.001 -16"><span class='ocrx_word' id='word_1_3' title='bbox 434 792 565 856; x_wconf 78' lang='lat' dir='ltr'><strong>Graece:</strong></span> <span class='ocrx_word' id='word_1_4' title='bbox 596 781 739 869; x_wconf 78' lang='lat' dir='ltr'><strong>pipoout,</strong></span> <span class='ocrx_word' id='word_1_5' title='bbox 767 792 888 869; x_wconf 71' lang='lat' dir='ltr'><strong>ferunt.</strong></span> <span class='ocrx_word' id='word_1_6' title='bbox 927 790 1130 853; x_wconf 76' lang='lat' dir='ltr'><strong>Eucaerubile</strong></span> <span class='ocrx_word' id='word_1_7' title='bbox 1181 789 1346 872; x_wconf 72' lang='lat' dir='ltr'><strong>Apostolus</strong></span> <span class='ocrx_word' id='word_1_8' title='bbox 1373 790 1480 864; x_wconf 79' lang='lat' dir='ltr'><strong>refert,</strong></span> <span class='ocrx_word' id='word_1_9' title='bbox 1507 791 1648 854; x_wconf 70' lang='lat' dir='ltr'><strong>Metam</strong></span> <span class='ocrx_word' id='word_1_10' title='bbox 1676 791 1875 868; x_wconf 59' lang='lat' dir='ltr'><strong>mammas</strong></span> 
     </span>
     <span class='ocr_line' id='line_1_3' title="bbox 428 870 1875 958; baseline 0.001 -18"><span class='ocrx_word' id='word_1_11' title='bbox 428 880 598 958; x_wconf 73' lang='lat' dir='ltr'><strong>judicium,</strong></span> <span class='ocrx_word' id='word_1_12' title='bbox 622 870 804 957; x_wconf 77' lang='grc' dir='ltr'>βλάσφημον</span> <span class='ocrx_word' id='word_1_13' title='bbox 820 873 917 957; x_wconf 84' lang='grc' dir='ltr'>κρίσιν</span> <span class='ocrx_word' id='word_1_14' title='bbox 934 876 1035 953; x_wconf 82' lang='lat' dir='ltr'><strong>idest,</strong></span> <span class='ocrx_word' id='word_1_15' title='bbox 1058 878 1128 938; x_wconf 81' lang='lat' dir='ltr'><strong>tlo-</strong></span> <span class='ocrx_word' id='word_1_16' title='bbox 1182 896 1253 939; x_wconf 81' lang='lat' dir='ltr'><strong>cum</strong></span> <span class='ocrx_word' id='word_1_17' title='bbox 1269 877 1399 939; x_wconf 84' lang='lat' dir='ltr'><strong>diabolo</strong></span> <span class='ocrx_word' id='word_1_18' title='bbox 1415 878 1583 954; x_wconf 79' lang='lat' dir='ltr'><strong>disputans</strong></span> <span class='ocrx_word' id='word_1_19' title='bbox 1595 879 1636 941; x_wconf 84' lang='lat' dir='ltr'><strong>dc</strong></span> <span class='ocrx_word' id='word_1_20' title='bbox 1648 879 1733 941; x_wconf 74' lang='lat' dir='ltr'><strong>stoa</strong></span> <span class='ocrx_word' id='word_1_21' title='bbox 1743 896 1875 956; x_wconf 76' lang='lat' dir='ltr'><strong>corpora,</strong></span> 
     </span>
     <span class='ocr_line' id='line_1_4' title="bbox 433 964 1875 1046; baseline 0 -18"><span class='ocrx_word' id='word_1_22' title='bbox 433 969 605 1045; x_wconf 75' lang='lat' dir='ltr'><strong>epitomum,</strong></span> <span class='ocrx_word' id='word_1_23' title='bbox 622 966 813 1027; x_wconf 78' lang='lat' dir='ltr'><strong>maledicum</strong></span> <span class='ocrx_word' id='word_1_24' title='bbox 824 966 991 1042; x_wconf 60' lang='lat' dir='ltr'><strong>iodicium.</strong></span> <span class='ocrx_word' id='word_1_25' title='bbox 1008 964 1130 1026; x_wconf 86' lang='lat' dir='ltr'><strong>Deinde</strong></span> <span class='ocrx_word' id='word_1_26' title='bbox 1182 983 1250 1026; x_wconf 82' lang='lat' dir='ltr'><strong>non</strong></span> <span class='ocrx_word' id='word_1_27' title='bbox 1265 974 1309 1026; x_wconf 81' lang='lat' dir='ltr'><strong>est</strong></span> <span class='ocrx_word' id='word_1_28' title='bbox 1323 983 1419 1026; x_wconf 79' lang='lat' dir='ltr'><strong>umus</strong></span> <span class='ocrx_word' id='word_1_29' title='bbox 1428 965 1587 1040; x_wconf 72' lang='lat' dir='ltr'><strong>judiciam</strong></span> <span class='ocrx_word' id='word_1_30' title='bbox 1600 969 1730 1046; x_wconf 72' lang='lat' dir='ltr'><strong>inferre</strong></span> <span class='ocrx_word' id='word_1_31' title='bbox 1740 965 1875 1045; x_wconf 73' lang='lat' dir='ltr'><strong>disspic-</strong></span> 
     </span>
     <span class='ocr_line' id='line_1_5' title="bbox 433 1045 1876 1135; baseline -0.001 -18"><span class='ocrx_word' id='word_1_32' title='bbox 433 1053 552 1117; x_wconf 77' lang='lat' dir='ltr'><strong>Graeca</strong></span> <span class='ocrx_word' id='word_1_33' title='bbox 578 1054 646 1135; x_wconf 90' lang='lat' dir='ltr'><strong>plns</strong></span> <span class='ocrx_word' id='word_1_34' title='bbox 672 1053 804 1114; x_wconf 90' lang='lat' dir='ltr'><strong>habent:</strong></span> <span class='ocrx_word' id='word_1_35' title='bbox 829 1045 913 1130; x_wconf 79' lang='grc' dir='ltr'>παρὰ</span> <span class='ocrx_word' id='word_1_36' title='bbox 939 1045 1046 1132; x_wconf 83' lang='grc' dir='ltr'>κυρίῳ,</span> <span class='ocrx_word' id='word_1_37' title='bbox 1074 1071 1128 1132; x_wconf 89' lang='lat' dir='ltr'><strong>pro</strong></span> <span class='ocrx_word' id='word_1_38' title='bbox 1182 1055 1273 1113; x_wconf 82' lang='lat' dir='ltr'><strong>miae.</strong></span> <span class='ocrx_word' id='word_1_39' title='bbox 1308 1050 1356 1112; x_wconf 87' lang='lat' dir='ltr'><strong>Ad</strong></span> <span class='ocrx_word' id='word_1_40' title='bbox 1371 1053 1448 1114; x_wconf 86' lang='lat' dir='ltr'><strong>hanc</strong></span> <span class='ocrx_word' id='word_1_41' title='bbox 1463 1054 1543 1113; x_wconf 87' lang='lat' dir='ltr'><strong>enim</strong></span> <span class='ocrx_word' id='word_1_42' title='bbox 1557 1052 1723 1115; x_wconf 71' lang='lat' dir='ltr'><strong>Michaelis</strong></span> <span class='ocrx_word' id='word_1_43' title='bbox 1739 1072 1808 1115; x_wconf 86' lang='lat' dir='ltr'><strong>enm</strong></span> <span class='ocrx_word' id='word_1_44' title='bbox 1821 1052 1876 1116; x_wconf 83' lang='lat' dir='ltr'><strong>dia·</strong></span> 
     </span>
     <span class='ocr_line' id='line_1_6' title="bbox 434 1138 1877 1222; baseline 0.001 -23"><span class='ocrx_word' id='word_1_45' title='bbox 434 1160 495 1221; x_wconf 91' lang='lat' dir='ltr'><strong>qno</strong></span> <span class='ocrx_word' id='word_1_46' title='bbox 516 1142 665 1222; x_wconf 85' lang='lat' dir='ltr'><strong>reperitur</strong></span> <span class='ocrx_word' id='word_1_47' title='bbox 686 1140 717 1201; x_wconf 92' lang='lat' dir='ltr'><strong>in</strong></span> <span class='ocrx_word' id='word_1_48' title='bbox 740 1141 872 1218; x_wconf 76' lang='lat' dir='ltr'><strong>antiquis</strong></span> <span class='ocrx_word' id='word_1_49' title='bbox 894 1139 1044 1200; x_wconf 73' lang='lat' dir='ltr'><strong>nonnullis</strong></span> <span class='ocrx_word' id='word_1_50' title='bbox 1068 1138 1127 1202; x_wconf 75' lang='lat' dir='ltr'><strong>La·</strong></span> <span class='ocrx_word' id='word_1_51' title='bbox 1181 1139 1252 1200; x_wconf 90' lang='lat' dir='ltr'><strong>bolo</strong></span> <span class='ocrx_word' id='word_1_52' title='bbox 1278 1139 1501 1200; x_wconf 87' lang='lat' dir='ltr'><strong>altercationem</strong></span> <span class='ocrx_word' id='word_1_53' title='bbox 1525 1159 1626 1200; x_wconf 79' lang='lat' dir='ltr'><strong>coram</strong></span> <span class='ocrx_word' id='word_1_54' title='bbox 1652 1141 1789 1201; x_wconf 88' lang='lat' dir='ltr'><strong>Domino</strong></span> <span class='ocrx_word' id='word_1_55' title='bbox 1802 1139 1877 1201; x_wconf 72' lang='lat' dir='ltr'><strong>habt</strong></span> 
     </span>
     <span class='ocr_line' id='line_1_7' title="bbox 432 1224 1878 1304; baseline 0 -14"><span class='ocrx_word' id='word_1_56' title='bbox 432 1228 520 1290; x_wconf 86' lang='lat' dir='ltr'><strong>tinia:</strong></span> <span class='ocrx_word' id='word_1_57' title='bbox 544 1247 565 1288; x_wconf 88' lang='grc' dir='ltr'>ο</span> <span class='ocrx_word' id='word_1_58' title='bbox 590 1230 739 1289; x_wconf 79' lang='lat' dir='ltr'><strong>Domino.</strong></span> <span class='ocrx_word' id='word_1_59' title='bbox 770 1225 832 1302; x_wconf 85' lang='lat' dir='ltr'><strong>Sed</strong></span> <span class='ocrx_word' id='word_1_60' title='bbox 854 1227 962 1287; x_wconf 86' lang='lat' dir='ltr'><strong>melius</strong></span> <span class='ocrx_word' id='word_1_61' title='bbox 984 1227 1129 1286; x_wconf 76' lang='lat' dir='ltr'><strong>Erasmus</strong></span> <span class='ocrx_word' id='word_1_62' title='bbox 1183 1234 1244 1286; x_wconf 87' lang='lat' dir='ltr'><strong>tam</strong></span> <span class='ocrx_word' id='word_1_63' title='bbox 1271 1224 1316 1304; x_wconf 86' lang='lat' dir='ltr'><strong>(ut</strong></span> <span class='ocrx_word' id='word_1_64' title='bbox 1342 1226 1421 1288; x_wconf 90' lang='lat' dir='ltr'><strong>solet</strong></span> <span class='ocrx_word' id='word_1_65' title='bbox 1447 1226 1518 1286; x_wconf 83' lang='lat' dir='ltr'><strong>filiis</strong></span> <span class='ocrx_word' id='word_1_66' title='bbox 1544 1226 1602 1287; x_wconf 90' lang='lat' dir='ltr'><strong>Dei</strong></span> <span class='ocrx_word' id='word_1_67' title='bbox 1629 1248 1735 1289; x_wconf 85' lang='lat' dir='ltr'><strong>coram</strong></span> <span class='ocrx_word' id='word_1_68' title='bbox 1758 1228 1878 1289; x_wconf 77' lang='lat' dir='ltr'><strong>Domino</strong></span> 
     </span>
     <span class='ocr_line' id='line_1_8' title="bbox 434 1313 1878 1391; baseline 0.001 -16"><span class='ocrx_word' id='word_1_69' title='bbox 434 1322 465 1375; x_wconf 88' lang='lat' dir='ltr'><strong>et</strong></span> <span class='ocrx_word' id='word_1_70' title='bbox 486 1314 539 1374; x_wconf 86' lang='lat' dir='ltr'><strong>alii</strong></span> <span class='ocrx_word' id='word_1_71' title='bbox 561 1321 699 1376; x_wconf 82' lang='lat' dir='ltr'><strong>vertunt:</strong></span> <span class='ocrx_word' id='word_1_72' title='bbox 725 1313 815 1391; x_wconf 76' lang='lat' dir='ltr'><strong>epod</strong></span> <span class='ocrx_word' id='word_1_73' title='bbox 839 1315 1023 1375; x_wconf 82' lang='lat' dir='ltr'><strong>Dominum.</strong></span> <span class='ocrx_word' id='word_1_74' title='bbox 1055 1314 1129 1374; x_wconf 82' lang='lat' dir='ltr'><strong>Non</strong></span> <span class='ocrx_word' id='word_1_75' title='bbox 1184 1315 1391 1375; x_wconf 86' lang='lat' dir='ltr'><strong>assistentibus</strong></span> <span class='ocrx_word' id='word_1_76' title='bbox 1415 1313 1522 1376; x_wconf 76' lang='lat' dir='ltr'><strong>adema</strong></span> <span class='ocrx_word' id='word_1_77' title='bbox 1537 1316 1626 1375; x_wconf 83' lang='lat' dir='ltr'><strong>etism</strong></span> <span class='ocrx_word' id='word_1_78' title='bbox 1644 1314 1754 1388; x_wconf 79' lang='lat' dir='ltr'><strong>Satan,</strong></span> <span class='ocrx_word' id='word_1_79' title='bbox 1780 1313 1843 1376; x_wconf 78' lang='lat' dir='ltr'><strong>Jot</strong></span> <span class='ocrx_word' id='word_1_80' title='bbox 1855 1321 1878 1376; x_wconf 89' lang='lat'><strong>1.</strong></span> 
     </span>
     <span class='ocr_line' id='line_1_9' title="bbox 431 1397 1879 1481; baseline -0.001 -19"><span class='ocrx_word' id='word_1_81' title='bbox 431 1401 546 1480; x_wconf 73' lang='lat' dir='ltr'><strong>ferant</strong></span> <span class='ocrx_word' id='word_1_82' title='bbox 567 1403 735 1464; x_wconf 78' lang='lat' dir='ltr'><strong>adversam</strong></span> <span class='ocrx_word' id='word_1_83' title='bbox 758 1419 821 1461; x_wconf 77' lang='lat' dir='ltr'><strong>sese</strong></span> <span class='ocrx_word' id='word_1_84' title='bbox 843 1400 933 1478; x_wconf 79' lang='lat' dir='ltr'><strong>opud</strong></span> <span class='ocrx_word' id='word_1_85' title='bbox 953 1402 1128 1461; x_wconf 81' lang='lat' dir='ltr'><strong>Dominam</strong></span> <span class='ocrx_word' id='word_1_86' title='bbox 1184 1409 1213 1461; x_wconf 84' lang='lat' dir='ltr'><strong>et</strong></span> <span class='ocrx_word' id='word_1_87' title='bbox 1239 1397 1290 1476; x_wconf 72' lang='grc'>2.),</span> <span class='ocrx_word' id='word_1_88' title='bbox 1320 1403 1352 1461; x_wconf 85' lang='grc' dir='ltr'><strong>ἰο</strong></span> <span class='ocrx_word' id='word_1_89' title='bbox 1379 1420 1438 1481; x_wconf 87' lang='lat' dir='ltr'><strong>qua</strong></span> <span class='ocrx_word' id='word_1_90' title='bbox 1465 1420 1484 1461; x_wconf 88' lang='lat' dir='ltr'><strong>a</strong></span> <span class='ocrx_word' id='word_1_91' title='bbox 1509 1402 1646 1462; x_wconf 83' lang='lat' dir='ltr'><strong>convicio</strong></span> <span class='ocrx_word' id='word_1_92' title='bbox 1673 1399 1812 1463; x_wconf 71' lang='lat' dir='ltr'><strong>micaret</strong></span> <span class='ocrx_word' id='word_1_93' title='bbox 1835 1401 1879 1462; x_wconf 75' lang='lat' dir='ltr'><strong>st-</strong></span> 
     </span>
     <span class='ocr_line' id='line_1_10' title="bbox 433 1486 1880 1568; baseline 0.001 -20"><span class='ocrx_word' id='word_1_94' title='bbox 433 1488 624 1552; x_wconf 77' lang='lat' dir='ltr'><strong>maledicam</strong></span> <span class='ocrx_word' id='word_1_95' title='bbox 641 1488 810 1564; x_wconf 79' lang='lat' dir='ltr'><strong>judiciam.</strong></span> <span class='ocrx_word' id='word_1_96' title='bbox 841 1487 892 1549; x_wconf 84' lang='lat' dir='ltr'><strong>Sic</strong></span> <span class='ocrx_word' id='word_1_97' title='bbox 914 1489 992 1548; x_wconf 90' lang='lat' dir='ltr'><strong>euim</strong></span> <span class='ocrx_word' id='word_1_98' title='bbox 1015 1488 1128 1568; x_wconf 87' lang='lat' dir='ltr'><strong>passim</strong></span> <span class='ocrx_word' id='word_1_99' title='bbox 1183 1489 1306 1561; x_wconf 89' lang='lat' dir='ltr'><strong>stinuit,</strong></span> <span class='ocrx_word' id='word_1_100' title='bbox 1331 1495 1507 1568; x_wconf 82' lang='lat' dir='ltr'><strong>tantumque</strong></span> <span class='ocrx_word' id='word_1_101' title='bbox 1534 1486 1627 1549; x_wconf 81' lang='lat' dir='ltr'><strong>dixit:</strong></span> <span class='ocrx_word' id='word_1_102' title='bbox 1659 1490 1807 1566; x_wconf 79' lang='lat' dir='ltr'><strong>Imperet</strong></span> <span class='ocrx_word' id='word_1_103' title='bbox 1830 1489 1880 1549; x_wconf 81' lang='lat' dir='ltr'><strong>titi</strong></span> 
     </span>
     <span class='ocr_line' id='line_1_11' title="bbox 434 1573 1880 1658; baseline -0.001 -22"><span class='ocrx_word' id='word_1_104' title='bbox 434 1578 562 1639; x_wconf 87' lang='lat' dir='ltr'><strong>sumitur</strong></span> <span class='ocrx_word' id='word_1_105' title='bbox 576 1578 607 1638; x_wconf 89' lang='lat' dir='ltr'><strong>iu</strong></span> <span class='ocrx_word' id='word_1_106' title='bbox 621 1576 776 1654; x_wconf 85' lang='lat' dir='ltr'><strong>Scriptura</strong></span> <span class='ocrx_word' id='word_1_107' title='bbox 791 1573 917 1647; x_wconf 80' lang='lat' dir='ltr'><strong>Graeca,</strong></span> <span class='ocrx_word' id='word_1_108' title='bbox 933 1582 995 1634; x_wconf 86' lang='lat' dir='ltr'><strong>tam</strong></span> <span class='ocrx_word' id='word_1_109' title='bbox 1008 1575 1129 1646; x_wconf 86' lang='lat' dir='ltr'><strong>veteris,</strong></span> <span class='ocrx_word' id='word_1_110' title='bbox 1184 1577 1360 1648; x_wconf 77' lang='lat' dir='ltr'><strong>Dominus,</strong></span> <span class='ocrx_word' id='word_1_111' title='bbox 1391 1576 1425 1636; x_wconf 88' lang='lat' dir='ltr'><strong>B.</strong></span> <span class='ocrx_word' id='word_1_112' title='bbox 1455 1574 1580 1636; x_wconf 88' lang='lat' dir='ltr'><strong>Petrum</strong></span> <span class='ocrx_word' id='word_1_113' title='bbox 1610 1576 1791 1658; x_wconf 75' lang='lat' dir='ltr'><strong>suspicere,</strong></span> <span class='ocrx_word' id='word_1_114' title='bbox 1821 1575 1880 1656; x_wconf 78' lang='lat' dir='ltr'><strong>pt·</strong></span> 
     </span>
     <span class='ocr_line' id='line_1_12' title="bbox 434 1661 1879 1744; baseline -0.001 -19"><span class='ocrx_word' id='word_1_115' title='bbox 434 1683 526 1744; x_wconf 88' lang='lat' dir='ltr'><strong>quam</strong></span> <span class='ocrx_word' id='word_1_116' title='bbox 542 1665 614 1725; x_wconf 82' lang='lat' dir='ltr'><strong>novi</strong></span> <span class='ocrx_word' id='word_1_117' title='bbox 630 1662 827 1723; x_wconf 75' lang='lat' dir='ltr'><strong>Testamenti.</strong></span> <span class='ocrx_word' id='word_1_118' title='bbox 1184 1683 1273 1743; x_wconf 89' lang='lat' dir='ltr'><strong>quam</strong></span> <span class='ocrx_word' id='word_1_119' title='bbox 1301 1661 1462 1724; x_wconf 87' lang='lat' dir='ltr'><strong>verisimile</strong></span> <span class='ocrx_word' id='word_1_120' title='bbox 1486 1669 1549 1736; x_wconf 80' lang='lat' dir='ltr'><strong>est3</strong></span> <span class='ocrx_word' id='word_1_121' title='bbox 1576 1671 1609 1722; x_wconf 90' lang='lat' dir='ltr'><strong>ut</strong></span> <span class='ocrx_word' id='word_1_122' title='bbox 1635 1682 1677 1724; x_wconf 93' lang='lat' dir='ltr'><strong>ex</strong></span> <span class='ocrx_word' id='word_1_123' title='bbox 1704 1661 1879 1743; x_wconf 76' lang='lat' dir='ltr'><strong>angelum</strong></span> 
     </span>
     <span class='ocr_line' id='line_1_13' title="bbox 478 1749 1880 1834; baseline -0.001 -23"><span class='ocrx_word' id='word_1_124' title='bbox 478 1749 538 1834; x_wconf 80' lang='lat' dir='ltr'><strong>Qui</strong></span> <span class='ocrx_word' id='word_1_125' title='bbox 560 1749 599 1810; x_wconf 89' lang='lat' dir='ltr'><strong>ad</strong></span> <span class='ocrx_word' id='word_1_126' title='bbox 620 1749 737 1810; x_wconf 85' lang='lat' dir='ltr'><strong>Graeca</strong></span> <span class='ocrx_word' id='word_1_127' title='bbox 759 1768 818 1808; x_wconf 90' lang='lat' dir='ltr'><strong>non</strong></span> <span class='ocrx_word' id='word_1_128' title='bbox 842 1755 1047 1828; x_wconf 71' lang='lat' dir='ltr'><strong>respexerunt,</strong></span> <span class='ocrx_word' id='word_1_129' title='bbox 1074 1765 1131 1807; x_wconf 90' lang='lat' dir='ltr'><strong>nec</strong></span> <span class='ocrx_word' id='word_1_130' title='bbox 1184 1749 1406 1830; x_wconf 86' lang='lat' dir='ltr'><strong>comparatione</strong></span> <span class='ocrx_word' id='word_1_131' title='bbox 1422 1757 1586 1829; x_wconf 80' lang='lat' dir='ltr'><strong>exaggeret</strong></span> <span class='ocrx_word' id='word_1_132' title='bbox 1596 1749 1823 1811; x_wconf 76' lang='lat' dir='ltr'><strong>heemticoru</strong></span> <span class='ocrx_word' id='word_1_133' title='bbox 1834 1768 1880 1810; x_wconf 83' lang='lat' dir='ltr'><strong>ss·</strong></span> 
     </span>
     <span class='ocr_line' id='line_1_14' title="bbox 435 1834 1881 1916; baseline 0.001 -19"><span class='ocrx_word' id='word_1_134' title='bbox 435 1837 475 1899; x_wconf 86' lang='lat' dir='ltr'><strong>ad</strong></span> <span class='ocrx_word' id='word_1_135' title='bbox 488 1837 587 1899; x_wconf 90' lang='lat' dir='ltr'><strong>locum</strong></span> <span class='ocrx_word' id='word_1_136' title='bbox 602 1837 626 1899; x_wconf 86' lang='lat' dir='ltr'>J</span> <span class='ocrx_word' id='word_1_137' title='bbox 629 1835 707 1896; x_wconf 89' lang='lat' dir='ltr'><strong>udae</strong></span> <span class='ocrx_word' id='word_1_138' title='bbox 720 1834 866 1915; x_wconf 80' lang='lat' dir='ltr'><strong>Apostoli,</strong></span> <span class='ocrx_word' id='word_1_139' title='bbox 882 1837 926 1896; x_wconf 89' lang='lat' dir='ltr'><strong>sic</strong></span> <span class='ocrx_word' id='word_1_140' title='bbox 940 1835 1001 1895; x_wconf 82' lang='lat' dir='ltr'><strong>iere</strong></span> <span class='ocrx_word' id='word_1_141' title='bbox 1016 1842 1129 1916; x_wconf 86' lang='lat' dir='ltr'><strong>partem</strong></span> <span class='ocrx_word' id='word_1_142' title='bbox 1185 1837 1287 1898; x_wconf 89' lang='lat' dir='ltr'><strong>dacem</strong></span> <span class='ocrx_word' id='word_1_143' title='bbox 1303 1835 1551 1907; x_wconf 86' lang='lat' dir='ltr'><strong>maledicentium,</strong></span> <span class='ocrx_word' id='word_1_144' title='bbox 1575 1837 1636 1915; x_wconf 87' lang='lat' dir='ltr'><strong>qui,</strong></span> <span class='ocrx_word' id='word_1_145' title='bbox 1665 1836 1808 1898; x_wconf 69' lang='lat' dir='ltr'><strong>homino</strong></span> <span class='ocrx_word' id='word_1_146' title='bbox 1821 1855 1881 1898; x_wconf 79' lang='lat' dir='ltr'><strong>cum</strong></span> 
     </span>
     <span class='ocr_line' id='line_1_15' title="bbox 434 1923 1880 2006; baseline -0.001 -20"><span class='ocrx_word' id='word_1_147' title='bbox 434 1925 512 1986; x_wconf 90' lang='lat' dir='ltr'><strong>hanc</strong></span> <span class='ocrx_word' id='word_1_148' title='bbox 548 1923 734 2004; x_wconf 87' lang='lat' dir='ltr'><strong>interpretati</strong></span> <span class='ocrx_word' id='word_1_149' title='bbox 770 1929 853 1981; x_wconf 92' lang='lat' dir='ltr'><strong>suut:</strong></span> <span class='ocrx_word' id='word_1_150' title='bbox 898 1923 1130 1982; x_wconf 83' lang='lat' dir='ltr'><strong>Haereticomm</strong></span> <span class='ocrx_word' id='word_1_151' title='bbox 1185 1926 1252 1999; x_wconf 88' lang='lat' dir='ltr'><strong>sint,</strong></span> <span class='ocrx_word' id='word_1_152' title='bbox 1280 1924 1398 2004; x_wconf 81' lang='lat' dir='ltr'><strong>augelis</strong></span> <span class='ocrx_word' id='word_1_153' title='bbox 1423 1943 1483 1984; x_wconf 89' lang='lat' dir='ltr'><strong>non</strong></span> <span class='ocrx_word' id='word_1_154' title='bbox 1509 1932 1654 2004; x_wconf 80' lang='lat' dir='ltr'><strong>parcunt3</strong></span> <span class='ocrx_word' id='word_1_155' title='bbox 1682 1925 1808 2006; x_wconf 74' lang='lat' dir='ltr'><strong>quando</strong></span> <span class='ocrx_word' id='word_1_156' title='bbox 1830 1942 1880 1984; x_wconf 86' lang='lat' dir='ltr'><strong>ees</strong></span> 
     </span>
     <span class='ocr_line' id='line_1_16' title="bbox 434 2007 1880 2092; baseline 0 -22"><span class='ocrx_word' id='word_1_157' title='bbox 434 2010 526 2072; x_wconf 84' lang='lat' dir='ltr'><strong>valde</strong></span> <span class='ocrx_word' id='word_1_158' title='bbox 555 2011 661 2090; x_wconf 81' lang='lat' dir='ltr'><strong>gravia</strong></span> <span class='ocrx_word' id='word_1_159' title='bbox 691 2017 720 2069; x_wconf 88' lang='lat' dir='ltr'><strong>ct</strong></span> <span class='ocrx_word' id='word_1_160' title='bbox 748 2007 951 2071; x_wconf 85' lang='lat' dir='ltr'><strong>intolerabilia</strong></span> <span class='ocrx_word' id='word_1_161' title='bbox 980 2007 1045 2068; x_wconf 86' lang='lat' dir='ltr'><strong>iore</strong></span> <span class='ocrx_word' id='word_1_162' title='bbox 1071 2018 1129 2068; x_wconf 89' lang='lat' dir='ltr'><strong>tor·</strong></span> <span class='ocrx_word' id='word_1_163' title='bbox 1185 2010 1294 2091; x_wconf 82' lang='lat' dir='ltr'><strong>angeli,</strong></span> <span class='ocrx_word' id='word_1_164' title='bbox 1309 2020 1418 2071; x_wconf 86' lang='lat' dir='ltr'><strong>natura</strong></span> <span class='ocrx_word' id='word_1_165' title='bbox 1434 2011 1513 2071; x_wconf 84' lang='lat' dir='ltr'><strong>inter</strong></span> <span class='ocrx_word' id='word_1_166' title='bbox 1526 2029 1559 2070; x_wconf 89' lang='lat' dir='ltr'><strong>se</strong></span> <span class='ocrx_word' id='word_1_167' title='bbox 1573 2010 1733 2092; x_wconf 49' lang='lat' dir='ltr'><strong>canales,</strong></span> <span class='ocrx_word' id='word_1_168' title='bbox 1749 2011 1803 2073; x_wconf 79' lang='lat' dir='ltr'><strong>alii</strong></span> <span class='ocrx_word' id='word_1_169' title='bbox 1817 2010 1880 2071; x_wconf 79' lang='lat' dir='ltr'><strong>eliis</strong></span> 
     </span>
     <span class='ocr_line' id='line_1_17' title="bbox 435 2096 1879 2177; baseline 0.001 -19"><span class='ocrx_word' id='word_1_170' title='bbox 435 2107 552 2171; x_wconf 86' lang='lat' dir='ltr'><strong>menta,</strong></span> <span class='ocrx_word' id='word_1_171' title='bbox 575 2118 642 2158; x_wconf 91' lang='lat' dir='ltr'><strong>cum</strong></span> <span class='ocrx_word' id='word_1_172' title='bbox 663 2116 718 2158; x_wconf 88' lang='lat' dir='ltr'><strong>nec</strong></span> <span class='ocrx_word' id='word_1_173' title='bbox 741 2096 841 2176; x_wconf 81' lang='lat' dir='ltr'><strong>angeli</strong></span> <span class='ocrx_word' id='word_1_174' title='bbox 864 2097 1130 2177; x_wconf 86' lang='lat' dir='ltr'><strong>praevaricatores,</strong></span> <span class='ocrx_word' id='word_1_175' title='bbox 1184 2096 1377 2159; x_wconf 89' lang='lat' dir='ltr'><strong>maledicunt.</strong></span> <span class='ocrx_word' id='word_1_176' title='bbox 1408 2096 1440 2157; x_wconf 90' lang='lat' dir='ltr'><strong>Si</strong></span> <span class='ocrx_word' id='word_1_177' title='bbox 1463 2104 1565 2157; x_wconf 87' lang='lat' dir='ltr'><strong>tamen</strong></span> <span class='ocrx_word' id='word_1_178' title='bbox 1588 2116 1644 2176; x_wconf 83' lang='lat' dir='ltr'><strong>per</strong></span> <span class='ocrx_word' id='word_1_179' title='bbox 1662 2099 1791 2174; x_wconf 64' lang='lat' dir='ltr'><strong>morior</strong></span> <span class='ocrx_word' id='word_1_180' title='bbox 1803 2098 1879 2160; x_wconf 66' lang='lat' dir='ltr'><strong>imel-</strong></span> 
     </span>
     <span class='ocr_line' id='line_1_18' title="bbox 436 2183 1878 2268; baseline -0.001 -22"><span class='ocrx_word' id='word_1_181' title='bbox 436 2187 489 2265; x_wconf 90' lang='lat' dir='ltr'><strong>qui</strong></span> <span class='ocrx_word' id='word_1_182' title='bbox 525 2195 635 2248; x_wconf 88' lang='lat' dir='ltr'><strong>natura</strong></span> <span class='ocrx_word' id='word_1_183' title='bbox 670 2184 904 2264; x_wconf 72' lang='lat' dir='ltr'><strong>praestantiores</strong></span> <span class='ocrx_word' id='word_1_184' title='bbox 934 2191 965 2244; x_wconf 91' lang='lat' dir='ltr'><strong>et</strong></span> <span class='ocrx_word' id='word_1_185' title='bbox 995 2183 1130 2242; x_wconf 78' lang='lat' dir='ltr'><strong>tortiores</strong></span> <span class='ocrx_word' id='word_1_186' title='bbox 1183 2185 1278 2265; x_wconf 85' lang='lat' dir='ltr'><strong>ligere</strong></span> <span class='ocrx_word' id='word_1_187' title='bbox 1292 2187 1359 2268; x_wconf 91' lang='lat' dir='ltr'><strong>quis</strong></span> <span class='ocrx_word' id='word_1_188' title='bbox 1374 2184 1512 2245; x_wconf 88' lang='lat' dir='ltr'><strong>maluerit</strong></span> <span class='ocrx_word' id='word_1_189' title='bbox 1527 2183 1668 2246; x_wconf 90' lang='lat' dir='ltr'><strong>homines</strong></span> <span class='ocrx_word' id='word_1_190' title='bbox 1683 2185 1787 2265; x_wconf 74' lang='lat' dir='ltr'><strong>glorie</strong></span> <span class='ocrx_word' id='word_1_191' title='bbox 1800 2203 1878 2265; x_wconf 81' lang='lat' dir='ltr'><strong>pree</strong></span> 
     </span>
     <span class='ocr_line' id='line_1_19' title="bbox 436 2269 1879 2350; baseline 0 -17"><span class='ocrx_word' id='word_1_192' title='bbox 436 2281 508 2333; x_wconf 88' lang='lat' dir='ltr'><strong>sunt</strong></span> <span class='ocrx_word' id='word_1_193' title='bbox 530 2271 711 2344; x_wconf 90' lang='lat' dir='ltr'><strong>hominibus,</strong></span> <span class='ocrx_word' id='word_1_194' title='bbox 737 2270 796 2330; x_wconf 92' lang='lat' dir='ltr'><strong>Dei</strong></span> <span class='ocrx_word' id='word_1_195' title='bbox 819 2269 978 2331; x_wconf 81' lang='lat' dir='ltr'><strong>advorsum</strong></span> <span class='ocrx_word' id='word_1_196' title='bbox 1001 2290 1033 2330; x_wconf 89' lang='lat' dir='ltr'><strong>se</strong></span> <span class='ocrx_word' id='word_1_197' title='bbox 1052 2269 1131 2350; x_wconf 86' lang='lat' dir='ltr'><strong>judi·</strong></span> <span class='ocrx_word' id='word_1_198' title='bbox 1184 2272 1345 2344; x_wconf 86' lang='lat' dir='ltr'><strong>collentes,</strong></span> <span class='ocrx_word' id='word_1_199' title='bbox 1383 2270 1577 2333; x_wconf 87' lang='lat' dir='ltr'><strong>nihilominus</strong></span> <span class='ocrx_word' id='word_1_200' title='bbox 1605 2270 1724 2333; x_wconf 83' lang='lat' dir='ltr'><strong>valebit</strong></span> <span class='ocrx_word' id='word_1_201' title='bbox 1755 2272 1879 2333; x_wconf 86' lang='lat' dir='ltr'><strong>oriminis</strong></span> 
     </span>
     <span class='ocr_line' id='line_1_20' title="bbox 436 2355 1878 2440; baseline -0.001 -19"><span class='ocrx_word' id='word_1_202' title='bbox 436 2361 515 2421; x_wconf 89' lang='lat' dir='ltr'><strong>cium</strong></span> <span class='ocrx_word' id='word_1_203' title='bbox 538 2360 714 2429; x_wconf 79' lang='lat' dir='ltr'><strong>sustineant,</strong></span> <span class='ocrx_word' id='word_1_204' title='bbox 738 2355 790 2416; x_wconf 86' lang='lat' dir='ltr'><strong>sod</strong></span> <span class='ocrx_word' id='word_1_205' title='bbox 812 2367 846 2417; x_wconf 89' lang='lat' dir='ltr'><strong>nt</strong></span> <span class='ocrx_word' id='word_1_206' title='bbox 869 2357 1056 2434; x_wconf 80' lang='lat' dir='ltr'><strong>importabile</strong></span> <span class='ocrx_word' id='word_1_207' title='bbox 1080 2376 1131 2416; x_wconf 85' lang='lat' dir='ltr'><strong>ex·</strong></span> <span class='ocrx_word' id='word_1_208' title='bbox 1184 2380 1294 2431; x_wconf 88' lang='lat' dir='ltr'><strong>eorum,</strong></span> <span class='ocrx_word' id='word_1_209' title='bbox 1320 2358 1440 2438; x_wconf 86' lang='lat' dir='ltr'><strong>quibis</strong></span> <span class='ocrx_word' id='word_1_210' title='bbox 1463 2355 1658 2432; x_wconf 78' lang='lat' dir='ltr'><strong>maledicunt,</strong></span> <span class='ocrx_word' id='word_1_211' title='bbox 1687 2359 1878 2440; x_wconf 71' lang='lat' dir='ltr'><strong>exaggeratio</strong></span> 
     </span>
     <span class='ocr_line' id='line_1_21' title="bbox 437 2442 1499 2526; baseline -0.002 -20"><span class='ocrx_word' id='word_1_212' title='bbox 437 2456 599 2508; x_wconf 81' lang='lat' dir='ltr'><strong>sectentur.</strong></span> <span class='ocrx_word' id='word_1_213' title='bbox 623 2445 685 2507; x_wconf 88' lang='lat' dir='ltr'><strong>Alii</strong></span> <span class='ocrx_word' id='word_1_214' title='bbox 698 2444 774 2505; x_wconf 90' lang='lat' dir='ltr'><strong>alios</strong></span> <span class='ocrx_word' id='word_1_215' title='bbox 789 2444 848 2505; x_wconf 90' lang='lat' dir='ltr'><strong>huc</strong></span> <span class='ocrx_word' id='word_1_216' title='bbox 862 2442 1001 2505; x_wconf 85' lang='lat' dir='ltr'><strong>adierunt</strong></span> <span class='ocrx_word' id='word_1_217' title='bbox 1018 2462 1131 2514; x_wconf 86' lang='lat' dir='ltr'><strong>sensus,</strong></span> <span class='ocrx_word' id='word_1_218' title='bbox 1185 2446 1223 2506; x_wconf 86' lang='lat' dir='ltr'><strong>ab</strong></span> <span class='ocrx_word' id='word_1_219' title='bbox 1240 2446 1357 2526; x_wconf 78' lang='lat' dir='ltr'><strong>angelis</strong></span> <span class='ocrx_word' id='word_1_220' title='bbox 1372 2453 1499 2526; x_wconf 83' lang='lat' dir='ltr'><strong>sumpta</strong></span> 
     </span>
     <span class='ocr_line' id='line_1_22' title="bbox 434 2531 1878 2615; baseline 0.001 -22"><span class='ocrx_word' id='word_1_221' title='bbox 434 2533 597 2615; x_wconf 85' lang='lat' dir='ltr'><strong>usquead</strong></span> <span class='ocrx_word' id='word_1_222' title='bbox 620 2540 686 2594; x_wconf 90' lang='lat' dir='ltr'><strong>octo</strong></span> <span class='ocrx_word' id='word_1_223' title='bbox 710 2531 1032 2602; x_wconf 88' lang='lat' dir='ltr'><strong>velnovemuumero,</strong></span> <span class='ocrx_word' id='word_1_224' title='bbox 1055 2549 1132 2610; x_wconf 90' lang='lat' dir='ltr'><strong>quos</strong></span> <span class='ocrx_word' id='word_1_225' title='bbox 1230 2536 1278 2593; x_wconf 78' lang='lat'><strong>12.</strong></span> <span class='ocrx_word' id='word_1_226' title='bbox 1324 2535 1370 2594; x_wconf 84' lang='lat' dir='ltr'><strong>Hi</strong></span> <span class='ocrx_word' id='word_1_227' title='bbox 1400 2551 1492 2607; x_wconf 80' lang='lat' dir='ltr'><strong>vere,</strong></span> <span class='ocrx_word' id='word_1_228' title='bbox 1524 2531 1612 2592; x_wconf 74' lang='lat' dir='ltr'><strong>velut</strong></span> <span class='ocrx_word' id='word_1_229' title='bbox 1641 2532 1878 2594; x_wconf 70' lang='lat' dir='ltr'><strong>irrationabilia</strong></span> 
     </span>
     <span class='ocr_line' id='line_1_23' title="bbox 436 2617 1876 2698; baseline -0.001 -17"><span class='ocrx_word' id='word_1_230' title='bbox 436 2628 595 2682; x_wconf 81' lang='lat' dir='ltr'><strong>recensent</strong></span> <span class='ocrx_word' id='word_1_231' title='bbox 609 2617 828 2681; x_wconf 72' lang='lat' dir='ltr'><strong>Fer-ardentius</strong></span> <span class='ocrx_word' id='word_1_232' title='bbox 844 2627 875 2679; x_wconf 89' lang='lat' dir='ltr'><strong>et</strong></span> <span class='ocrx_word' id='word_1_233' title='bbox 890 2619 1029 2679; x_wconf 84' lang='lat' dir='ltr'><strong>Lorinus.</strong></span> <span class='ocrx_word' id='word_1_234' title='bbox 1184 2639 1312 2698; x_wconf 81' lang='lat' dir='ltr'><strong>pecora,</strong></span> <span class='ocrx_word' id='word_1_235' title='bbox 1335 2621 1531 2681; x_wconf 80' lang='lat' dir='ltr'><strong>naturaliter</strong></span> <span class='ocrx_word' id='word_1_236' title='bbox 1551 2621 1589 2680; x_wconf 82' lang='lat' dir='ltr'><strong>in</strong></span> <span class='ocrx_word' id='word_1_237' title='bbox 1604 2621 1794 2696; x_wconf 81' lang='lat' dir='ltr'><strong>captionem</strong></span> <span class='ocrx_word' id='word_1_238' title='bbox 1808 2628 1837 2682; x_wconf 78' lang='lat' dir='ltr'><strong>et</strong></span> <span class='ocrx_word' id='word_1_239' title='bbox 1847 2623 1876 2680; x_wconf 85' lang='lat' dir='ltr'><strong>ia</strong></span> 
     </span>
     <span class='ocr_line' id='line_1_24' title="bbox 479 2705 1876 2786; baseline 0.001 -18"><span class='ocrx_word' id='word_1_240' title='bbox 479 2709 540 2768; x_wconf 92' lang='lat' dir='ltr'><strong>Pro</strong></span> <span class='ocrx_word' id='word_1_241' title='bbox 562 2727 661 2776; x_wconf 86' lang='lat' dir='ltr'><strong>sensu,</strong></span> <span class='ocrx_word' id='word_1_242' title='bbox 684 2724 774 2784; x_wconf 90' lang='lat' dir='ltr'><strong>quem</strong></span> <span class='ocrx_word' id='word_1_243' title='bbox 797 2725 852 2765; x_wconf 90' lang='lat' dir='ltr'><strong>nos</strong></span> <span class='ocrx_word' id='word_1_244' title='bbox 876 2708 1023 2765; x_wconf 84' lang='lat' dir='ltr'><strong>veriorem</strong></span> <span class='ocrx_word' id='word_1_245' title='bbox 1047 2711 1131 2785; x_wconf 89' lang='lat' dir='ltr'><strong>putu·</strong></span> <span class='ocrx_word' id='word_1_246' title='bbox 1181 2710 1366 2785; x_wconf 79' lang='lat' dir='ltr'><strong>perniciem.</strong></span> <span class='ocrx_word' id='word_1_247' title='bbox 1397 2707 1502 2786; x_wconf 81' lang='lat' dir='ltr'><strong>Pergit</strong></span> <span class='ocrx_word' id='word_1_248' title='bbox 1523 2705 1690 2786; x_wconf 82' lang='lat' dir='ltr'><strong>Apostolus</strong></span> <span class='ocrx_word' id='word_1_249' title='bbox 1715 2705 1876 2769; x_wconf 68' lang='lat' dir='ltr'><strong>damnas</strong></span> 
     </span>
     <span class='ocr_line' id='line_1_25' title="bbox 436 2790 1874 2876; baseline 0.003 -23"><span class='ocrx_word' id='word_1_250' title='bbox 436 2814 519 2867; x_wconf 81' lang='lat' dir='ltr'><strong>mna,</strong></span> <span class='ocrx_word' id='word_1_251' title='bbox 547 2791 725 2861; x_wconf 82' lang='lat' dir='ltr'><strong>notandum,</strong></span> <span class='ocrx_word' id='word_1_252' title='bbox 751 2790 791 2863; x_wconf 77' lang='lat' dir='ltr'><strong>io,</strong></span> <span class='ocrx_word' id='word_1_253' title='bbox 818 2790 899 2871; x_wconf 85' lang='lat' dir='ltr'><strong>quod</strong></span> <span class='ocrx_word' id='word_1_254' title='bbox 927 2792 1042 2853; x_wconf 85' lang='lat' dir='ltr'><strong>Graece</strong></span> <span class='ocrx_word' id='word_1_255' title='bbox 1069 2799 1131 2851; x_wconf 88' lang='lat' dir='ltr'><strong>eat:</strong></span> <span class='ocrx_word' id='word_1_256' title='bbox 1184 2813 1282 2854; x_wconf 89' lang='lat' dir='ltr'><strong>mores</strong></span> <span class='ocrx_word' id='word_1_257' title='bbox 1319 2795 1559 2876; x_wconf 88' lang='lat' dir='ltr'><strong>corruptissimos</strong></span> <span class='ocrx_word' id='word_1_258' title='bbox 1596 2792 1874 2874; x_wconf 67' lang='lat' dir='ltr'><strong>prouocationis</strong></span> 
     </span>
     <span class='ocr_line' id='line_1_26' title="bbox 436 2868 1876 2958; baseline -0.001 -18"><span class='ocrx_word' id='word_1_259' title='bbox 436 2868 639 2955; x_wconf 82' lang='grc' dir='ltr'>κατάὒτῶν,</span> <span class='ocrx_word' id='word_1_260' title='bbox 663 2878 894 2953; x_wconf 72' lang='lat' dir='ltr'><strong>adversumne,</strong></span> <span class='ocrx_word' id='word_1_261' title='bbox 919 2879 1132 2958; x_wconf 83' lang='lat' dir='ltr'><strong>positumesse</strong></span> <span class='ocrx_word' id='word_1_262' title='bbox 1184 2901 1259 2943; x_wconf 86' lang='lat' dir='ltr'><strong>rum.</strong></span> <span class='ocrx_word' id='word_1_263' title='bbox 1300 2880 1548 2943; x_wconf 73' lang='lat' dir='ltr'><strong>loratioaobilio</strong></span> <span class='ocrx_word' id='word_1_264' title='bbox 1575 2898 1697 2958; x_wconf 74' lang='lat' dir='ltr'><strong>pecore</strong></span> <span class='ocrx_word' id='word_1_265' title='bbox 1709 2928 1720 2958; x_wconf 92' lang='lat'><strong>,</strong></span> <span class='ocrx_word' id='word_1_266' title='bbox 1754 2880 1876 2944; x_wconf 82' lang='lat' dir='ltr'><strong>Graeco:</strong></span> 
     </span>
     <span class='ocr_line' id='line_1_27' title="bbox 436 2956 1874 3049; baseline 0.003 -21"><span class='ocrx_word' id='word_1_267' title='bbox 436 2990 507 3049; x_wconf 87' lang='lat' dir='ltr'><strong>pro:</strong></span> <span class='ocrx_word' id='word_1_268' title='bbox 529 2956 602 3027; x_wconf 74' lang='grc' dir='ltr'><strong>καθ’</strong></span> <span class='ocrx_word' id='word_1_269' title='bbox 616 2963 742 3040; x_wconf 82' lang='grc' dir='ltr'>ἑαυτῶν,</span> <span class='ocrx_word' id='word_1_270' title='bbox 759 2974 791 3025; x_wconf 91' lang='lat' dir='ltr'><strong>nt</strong></span> <span class='ocrx_word' id='word_1_271' title='bbox 807 2975 837 3025; x_wconf 92' lang='lat' dir='ltr'><strong>et</strong></span> <span class='ocrx_word' id='word_1_272' title='bbox 853 2965 1000 3046; x_wconf 83' lang='lat' dir='ltr'><strong>quaedam</strong></span> <span class='ocrx_word' id='word_1_273' title='bbox 1017 2965 1134 3026; x_wconf 83' lang='lat' dir='ltr'><strong>Graeca</strong></span> <span class='ocrx_word' id='word_1_274' title='bbox 1187 2961 1286 3045; x_wconf 73' lang='grc' dir='ltr'>ἄλογα</span> <span class='ocrx_word' id='word_1_275' title='bbox 1310 2964 1386 3045; x_wconf 79' lang='grc' dir='ltr'>ζῶα,</span> <span class='ocrx_word' id='word_1_276' title='bbox 1416 2969 1626 3029; x_wconf 79' lang='lat' dir='ltr'><strong>irrationalia</strong></span> <span class='ocrx_word' id='word_1_277' title='bbox 1633 3014 1644 3043; x_wconf 95' lang='lat'><strong>,</strong></span> <span class='ocrx_word' id='word_1_278' title='bbox 1676 2987 1736 3031; x_wconf 88' lang='lat' dir='ltr'><strong>seu</strong></span> <span class='ocrx_word' id='word_1_279' title='bbox 1763 2972 1874 3031; x_wconf 75' lang='lat' dir='ltr'><strong>mmm</strong></span> 
     </span>
     <span class='ocr_line' id='line_1_28' title="bbox 435 3051 1873 3138; baseline -0.001 -22"><span class='ocrx_word' id='word_1_280' title='bbox 435 3055 557 3129; x_wconf 88' lang='lat' dir='ltr'><strong>habent,</strong></span> <span class='ocrx_word' id='word_1_281' title='bbox 579 3054 610 3114; x_wconf 93' lang='lat' dir='ltr'><strong>id</strong></span> <span class='ocrx_word' id='word_1_282' title='bbox 626 3064 678 3124; x_wconf 84' lang='lat' dir='ltr'><strong>est,</strong></span> <span class='ocrx_word' id='word_1_283' title='bbox 694 3053 862 3113; x_wconf 79' lang='lat' dir='ltr'><strong>adversum</strong></span> <span class='ocrx_word' id='word_1_284' title='bbox 878 3072 909 3112; x_wconf 79' lang='lat' dir='ltr'><strong>sa</strong></span> <span class='ocrx_word' id='word_1_285' title='bbox 923 3054 1023 3129; x_wconf 69' lang='lat' dir='ltr'><strong>ipsos:</strong></span> <span class='ocrx_word' id='word_1_286' title='bbox 1049 3051 1131 3133; x_wconf 90' lang='lat' dir='ltr'><strong>quod</strong></span> <span class='ocrx_word' id='word_1_287' title='bbox 1186 3060 1330 3117; x_wconf 81' lang='lat' dir='ltr'><strong>corratio</strong></span> <span class='ocrx_word' id='word_1_288' title='bbox 1345 3056 1515 3131; x_wconf 83' lang='lat' dir='ltr'><strong>animatio,</strong></span> <span class='ocrx_word' id='word_1_289' title='bbox 1539 3056 1613 3129; x_wconf 83' lang='lat' dir='ltr'><strong>sive,</strong></span> <span class='ocrx_word' id='word_1_290' title='bbox 1636 3063 1672 3116; x_wconf 92' lang='lat' dir='ltr'><strong>ut</strong></span> <span class='ocrx_word' id='word_1_291' title='bbox 1687 3056 1873 3138; x_wconf 84' lang='lat' dir='ltr'><strong>interpresis</strong></span> 
     </span>
     <span class='ocr_line' id='line_1_29' title="bbox 437 3138 1872 3223; baseline 0.001 -22"><span class='ocrx_word' id='word_1_292' title='bbox 437 3144 609 3220; x_wconf 86' lang='lat' dir='ltr'><strong>exponitur:</strong></span> <span class='ocrx_word' id='word_1_293' title='bbox 632 3140 790 3201; x_wconf 84' lang='lat' dir='ltr'><strong>adversum</strong></span> <span class='ocrx_word' id='word_1_294' title='bbox 807 3160 839 3200; x_wconf 88' lang='lat' dir='ltr'><strong>se</strong></span> <span class='ocrx_word' id='word_1_295' title='bbox 854 3150 966 3211; x_wconf 85' lang='lat' dir='ltr'><strong>mutuo,</strong></span> <span class='ocrx_word' id='word_1_296' title='bbox 987 3140 1063 3201; x_wconf 88' lang='lat' dir='ltr'><strong>alins</strong></span> <span class='ocrx_word' id='word_1_297' title='bbox 1079 3138 1129 3199; x_wconf 88' lang='lat' dir='ltr'><strong>ad·</strong></span> <span class='ocrx_word' id='word_1_298' title='bbox 1184 3144 1324 3223; x_wconf 76' lang='lat' dir='ltr'><strong>Epistola</strong></span> <span class='ocrx_word' id='word_1_299' title='bbox 1353 3144 1465 3215; x_wconf 86' lang='lat' dir='ltr'><strong>Jndae,</strong></span> <span class='ocrx_word' id='word_1_300' title='bbox 1496 3152 1525 3203; x_wconf 91' lang='lat' dir='ltr'><strong>et</strong></span> <span class='ocrx_word' id='word_1_301' title='bbox 1554 3142 1701 3203; x_wconf 75' lang='lat' dir='ltr'><strong>Erasmus</strong></span> <span class='ocrx_word' id='word_1_302' title='bbox 1733 3144 1794 3205; x_wconf 86' lang='lat' dir='ltr'><strong>hoc</strong></span> <span class='ocrx_word' id='word_1_303' title='bbox 1819 3143 1872 3203; x_wconf 83' lang='lat' dir='ltr'><strong>loco</strong></span> 
     </span>
     <span class='ocr_line' id='line_1_30' title="bbox 436 3225 1872 3308; baseline 0 -20"><span class='ocrx_word' id='word_1_304' title='bbox 436 3249 539 3290; x_wconf 82' lang='lat' dir='ltr'><strong>versus</strong></span> <span class='ocrx_word' id='word_1_305' title='bbox 556 3230 662 3300; x_wconf 80' lang='lat' dir='ltr'><strong>alium3</strong></span> <span class='ocrx_word' id='word_1_306' title='bbox 690 3225 838 3308; x_wconf 82' lang='lat' dir='ltr'><strong>quomodo</strong></span> <span class='ocrx_word' id='word_1_307' title='bbox 854 3228 1038 3306; x_wconf 84' lang='lat' dir='ltr'><strong>reciprocum</strong></span> <span class='ocrx_word' id='word_1_308' title='bbox 1055 3225 1131 3287; x_wconf 91' lang='lat' dir='ltr'><strong>iliud</strong></span> <span class='ocrx_word' id='word_1_309' title='bbox 1185 3238 1313 3303; x_wconf 84' lang='lat' dir='ltr'><strong>vertunt,</strong></span> <span class='ocrx_word' id='word_1_310' title='bbox 1337 3232 1433 3291; x_wconf 78' lang='lat' dir='ltr'><strong>oraro</strong></span> <span class='ocrx_word' id='word_1_311' title='bbox 1456 3231 1623 3290; x_wconf 79' lang='lat' dir='ltr'><strong>animalia.</strong></span> <span class='ocrx_word' id='word_1_312' title='bbox 1655 3231 1742 3291; x_wconf 83' lang='lat' dir='ltr'><strong>Nam</strong></span> <span class='ocrx_word' id='word_1_313' title='bbox 1765 3230 1872 3291; x_wconf 83' lang='lat' dir='ltr'><strong>bretun</strong></span> 
     </span>
     <span class='ocr_line' id='line_1_31' title="bbox 436 3313 1873 3396; baseline 0 -19"><span class='ocrx_word' id='word_1_314' title='bbox 436 3316 611 3396; x_wconf 68' lang='lat' dir='ltr'><strong>nequenter</strong></span> <span class='ocrx_word' id='word_1_315' title='bbox 634 3315 790 3391; x_wconf 89' lang='lat' dir='ltr'><strong>accipitur,</strong></span> <span class='ocrx_word' id='word_1_316' title='bbox 818 3322 850 3373; x_wconf 93' lang='lat' dir='ltr'><strong>nt</strong></span> <span class='ocrx_word' id='word_1_317' title='bbox 872 3313 943 3373; x_wconf 90' lang='lat' dir='ltr'><strong>alibi</strong></span> <span class='ocrx_word' id='word_1_318' title='bbox 967 3314 1131 3374; x_wconf 87' lang='lat' dir='ltr'><strong>docuimus.</strong></span> <span class='ocrx_word' id='word_1_319' title='bbox 1186 3315 1310 3390; x_wconf 84' lang='lat' dir='ltr'><strong>dicitnr,</strong></span> <span class='ocrx_word' id='word_1_320' title='bbox 1342 3316 1422 3393; x_wconf 86' lang='lat' dir='ltr'><strong>quod</strong></span> <span class='ocrx_word' id='word_1_321' title='bbox 1452 3318 1597 3376; x_wconf 87' lang='lat' dir='ltr'><strong>sermonis</strong></span> <span class='ocrx_word' id='word_1_322' title='bbox 1628 3325 1660 3377; x_wconf 84' lang='lat' dir='ltr'><strong>et</strong></span> <span class='ocrx_word' id='word_1_323' title='bbox 1688 3319 1818 3379; x_wconf 76' lang='lat' dir='ltr'><strong>rationis</strong></span> <span class='ocrx_word' id='word_1_324' title='bbox 1837 3321 1873 3377; x_wconf 83' lang='lat' dir='ltr'><strong>est</strong></span> 
     </span>
     <span class='ocr_line' id='line_1_32' title="bbox 437 3401 1871 3485; baseline 0.002 -22"><span class='ocrx_word' id='word_1_325' title='bbox 437 3403 554 3463; x_wconf 78' lang='lat' dir='ltr'><strong>Eodem</strong></span> <span class='ocrx_word' id='word_1_326' title='bbox 577 3401 661 3467; x_wconf 74' lang='lat' dir='ltr'><strong>redit.</strong></span> <span class='ocrx_word' id='word_1_327' title='bbox 684 3402 708 3460; x_wconf 91' lang='lat' dir='ltr'><strong>si</strong></span> <span class='ocrx_word' id='word_1_328' title='bbox 730 3402 898 3461; x_wconf 78' lang='lat' dir='ltr'><strong>adversum</strong></span> <span class='ocrx_word' id='word_1_329' title='bbox 923 3419 953 3460; x_wconf 85' lang='lat' dir='ltr'><strong>sc</strong></span> <span class='ocrx_word' id='word_1_330' title='bbox 977 3421 1130 3481; x_wconf 86' lang='lat' dir='ltr'><strong>exponas:</strong></span> <span class='ocrx_word' id='word_1_331' title='bbox 1186 3423 1301 3482; x_wconf 84' lang='lat' dir='ltr'><strong>expers.</strong></span> <span class='ocrx_word' id='word_1_332' title='bbox 1326 3404 1485 3466; x_wconf 81' lang='lat' dir='ltr'><strong>Caeterum</strong></span> <span class='ocrx_word' id='word_1_333' title='bbox 1498 3423 1552 3485; x_wconf 91' lang='lat' dir='ltr'><strong>pro</strong></span> <span class='ocrx_word' id='word_1_334' title='bbox 1564 3403 1734 3465; x_wconf 83' lang='lat' dir='ltr'><strong>adverbio:</strong></span> <span class='ocrx_word' id='word_1_335' title='bbox 1749 3412 1871 3466; x_wconf 70' lang='grc' dir='ltr'>Μίνω·</span> 
     </span>
     <span class='ocr_line' id='line_1_33' title="bbox 438 3487 1870 3567; baseline 0 -16"><span class='ocrx_word' id='word_1_336' title='bbox 438 3500 543 3551; x_wconf 87' lang='lat' dir='ltr'><strong>contra</strong></span> <span class='ocrx_word' id='word_1_337' title='bbox 565 3509 639 3549; x_wconf 88' lang='lat' dir='ltr'><strong>snae</strong></span> <span class='ocrx_word' id='word_1_338' title='bbox 665 3497 791 3549; x_wconf 88' lang='lat' dir='ltr'><strong>naturae</strong></span> <span class='ocrx_word' id='word_1_339' title='bbox 815 3497 844 3548; x_wconf 90' lang='lat' dir='ltr'><strong>et</strong></span> <span class='ocrx_word' id='word_1_340' title='bbox 867 3487 1063 3548; x_wconf 86' lang='lat' dir='ltr'><strong>excellentiae</strong></span> <span class='ocrx_word' id='word_1_341' title='bbox 1084 3509 1130 3548; x_wconf 91' lang='lat' dir='ltr'><strong>so·</strong></span> <span class='ocrx_word' id='word_1_342' title='bbox 1185 3491 1267 3567; x_wconf 80' lang='lat' dir='ltr'><strong>liter,</strong></span> <span class='ocrx_word' id='word_1_343' title='bbox 1291 3493 1320 3550; x_wconf 92' lang='lat' dir='ltr'><strong>in</strong></span> <span class='ocrx_word' id='word_1_344' title='bbox 1344 3489 1461 3552; x_wconf 79' lang='lat' dir='ltr'><strong>Graeco</strong></span> <span class='ocrx_word' id='word_1_345' title='bbox 1483 3498 1552 3550; x_wconf 90' lang='lat' dir='ltr'><strong>suut</strong></span> <span class='ocrx_word' id='word_1_346' title='bbox 1573 3488 1633 3550; x_wconf 89' lang='lat' dir='ltr'><strong>duo</strong></span> <span class='ocrx_word' id='word_1_347' title='bbox 1650 3492 1813 3565; x_wconf 76' lang='lat' dir='ltr'><strong>vocabula,</strong></span> <span class='ocrx_word' id='word_1_348' title='bbox 1830 3509 1870 3551; x_wconf 76' lang='lat' dir='ltr'><strong>err</strong></span> 
     </span>
     <span class='ocr_line' id='line_1_34' title="bbox 439 3568 1871 3657; baseline -0.002 -19"><span class='ocrx_word' id='word_1_349' title='bbox 439 3579 508 3638; x_wconf 89' lang='lat' dir='ltr'><strong>cios.</strong></span> <span class='ocrx_word' id='word_1_350' title='bbox 543 3576 621 3637; x_wconf 87' lang='lat' dir='ltr'><strong>Nam</strong></span> <span class='ocrx_word' id='word_1_351' title='bbox 644 3585 674 3636; x_wconf 84' lang='lat' dir='ltr'><strong>et</strong></span> <span class='ocrx_word' id='word_1_352' title='bbox 696 3575 858 3636; x_wconf 85' lang='lat' dir='ltr'><strong>daemones</strong></span> <span class='ocrx_word' id='word_1_353' title='bbox 879 3575 978 3654; x_wconf 82' lang='lat' dir='ltr'><strong>angeli</strong></span> <span class='ocrx_word' id='word_1_354' title='bbox 1000 3584 1069 3635; x_wconf 86' lang='lat' dir='ltr'><strong>aunt</strong></span> <span class='ocrx_word' id='word_1_355' title='bbox 1093 3594 1131 3635; x_wconf 89' lang='lat' dir='ltr'><strong>ox</strong></span> <span class='ocrx_word' id='word_1_356' title='bbox 1185 3598 1253 3639; x_wconf 87' lang='lat' dir='ltr'><strong>men</strong></span> <span class='ocrx_word' id='word_1_357' title='bbox 1269 3587 1300 3638; x_wconf 93' lang='lat' dir='ltr'><strong>et</strong></span> <span class='ocrx_word' id='word_1_358' title='bbox 1315 3579 1520 3657; x_wconf 80' lang='lat' dir='ltr'><strong>participium:</strong></span> <span class='ocrx_word' id='word_1_359' title='bbox 1543 3570 1660 3655; x_wconf 81' lang='grc' dir='ltr'>φυσικὰ</span> <span class='ocrx_word' id='word_1_360' title='bbox 1684 3568 1871 3657; x_wconf 64' lang='lat' dir='ltr'><strong>peremptis,</strong></span> 
     </span>
     <span class='ocr_line' id='line_1_35' title="bbox 437 3662 1871 3747; baseline -0.001 -21"><span class='ocrx_word' id='word_1_361' title='bbox 437 3663 663 3746; x_wconf 88' lang='lat' dir='ltr'><strong>principatibus,</strong></span> <span class='ocrx_word' id='word_1_362' title='bbox 689 3672 719 3723; x_wconf 89' lang='lat' dir='ltr'><strong>et</strong></span> <span class='ocrx_word' id='word_1_363' title='bbox 739 3662 937 3741; x_wconf 73' lang='lat' dir='ltr'><strong>potestatibus</strong></span> <span class='ocrx_word' id='word_1_364' title='bbox 961 3672 992 3723; x_wconf 91' lang='lat' dir='ltr'><strong>et</strong></span> <span class='ocrx_word' id='word_1_365' title='bbox 1014 3664 1131 3722; x_wconf 82' lang='lat' dir='ltr'><strong>virtuti·</strong></span> <span class='ocrx_word' id='word_1_366' title='bbox 1185 3666 1351 3726; x_wconf 79' lang='lat' dir='ltr'><strong>naturalia</strong></span> <span class='ocrx_word' id='word_1_367' title='bbox 1377 3669 1493 3741; x_wconf 76' lang='lat' dir='ltr'><strong>penite.</strong></span> <span class='ocrx_word' id='word_1_368' title='bbox 1531 3662 1624 3743; x_wconf 78' lang='lat' dir='ltr'><strong>Quod</strong></span> <span class='ocrx_word' id='word_1_369' title='bbox 1648 3667 1694 3726; x_wconf 91' lang='lat' dir='ltr'><strong>sic</strong></span> <span class='ocrx_word' id='word_1_370' title='bbox 1716 3671 1871 3747; x_wconf 61' lang='lat' dir='ltr'><strong>exponam</strong></span> 
     </span>
     <span class='ocr_line' id='line_1_36' title="bbox 436 3747 1871 3833; baseline 0 -21"><span class='ocrx_word' id='word_1_371' title='bbox 436 3752 502 3824; x_wconf 89' lang='lat' dir='ltr'><strong>bus,</strong></span> <span class='ocrx_word' id='word_1_372' title='bbox 525 3752 610 3812; x_wconf 86' lang='lat' dir='ltr'><strong>Rom.</strong></span> <span class='ocrx_word' id='word_1_373' title='bbox 627 3752 655 3809; x_wconf 87' lang='lat'><strong>8.</strong></span> <span class='ocrx_word' id='word_1_374' title='bbox 680 3757 709 3810; x_wconf 89' lang='lat' dir='ltr'><strong>et</strong></span> <span class='ocrx_word' id='word_1_375' title='bbox 732 3747 834 3810; x_wconf 83' lang='lat' dir='ltr'><strong>lCor.</strong></span> <span class='ocrx_word' id='word_1_376' title='bbox 854 3747 900 3808; x_wconf 85' lang='lat'><strong>15.</strong></span> <span class='ocrx_word' id='word_1_377' title='bbox 931 3750 1027 3811; x_wconf 86' lang='lat' dir='ltr'><strong>Juxta</strong></span> <span class='ocrx_word' id='word_1_378' title='bbox 1044 3770 1131 3829; x_wconf 88' lang='lat' dir='ltr'><strong>quom</strong></span> <span class='ocrx_word' id='word_1_379' title='bbox 1185 3754 1501 3828; x_wconf 74' lang='lat' dir='ltr'><strong>nataralitcspcnitu</strong></span> <span class='ocrx_word' id='word_1_380' title='bbox 1517 3772 1570 3814; x_wconf 90' lang='lat' dir='ltr'><strong>seu</strong></span> <span class='ocrx_word' id='word_1_381' title='bbox 1586 3752 1750 3833; x_wconf 82' lang='lat' dir='ltr'><strong>producta,</strong></span> <span class='ocrx_word' id='word_1_382' title='bbox 1773 3752 1871 3813; x_wconf 82' lang='lat' dir='ltr'><strong>scilicet</strong></span> 
     </span>
     <span class='ocr_line' id='line_1_37' title="bbox 328 3836 1871 3920; baseline 0.001 -21"><span class='ocrx_word' id='word_1_383' title='bbox 328 3905 337 3920; x_wconf 38' lang='grc' dir='ltr'>ι</span> <span class='ocrx_word' id='word_1_384' title='bbox 438 3858 556 3900; x_wconf 88' lang='lat' dir='ltr'><strong>sensum</strong></span> <span class='ocrx_word' id='word_1_385' title='bbox 584 3836 674 3897; x_wconf 90' lang='lat' dir='ltr'><strong>dictio</strong></span> <span class='ocrx_word' id='word_1_386' title='bbox 696 3856 726 3897; x_wconf 83' lang='lat' dir='ltr'><strong>se</strong></span> <span class='ocrx_word' id='word_1_387' title='bbox 748 3837 1011 3915; x_wconf 75' lang='lat' dir='ltr'><strong>reciprocationem</strong></span> <span class='ocrx_word' id='word_1_388' title='bbox 1034 3837 1133 3896; x_wconf 89' lang='lat' dir='ltr'><strong>innuit</strong></span> <span class='ocrx_word' id='word_1_389' title='bbox 1185 3838 1273 3910; x_wconf 89' lang='lat' dir='ltr'><strong>adid,</strong></span> <span class='ocrx_word' id='word_1_390' title='bbox 1286 3840 1367 3919; x_wconf 90' lang='lat' dir='ltr'><strong>qnod</strong></span> <span class='ocrx_word' id='word_1_391' title='bbox 1380 3840 1524 3920; x_wconf 86' lang='lat' dir='ltr'><strong>sequitur,</strong></span> <span class='ocrx_word' id='word_1_392' title='bbox 1540 3838 1570 3899; x_wconf 82' lang='lat' dir='ltr'><strong>id</strong></span> <span class='ocrx_word' id='word_1_393' title='bbox 1583 3848 1640 3912; x_wconf 89' lang='lat' dir='ltr'><strong>est,</strong></span> <span class='ocrx_word' id='word_1_394' title='bbox 1657 3839 1704 3900; x_wconf 80' lang='lat' dir='ltr'><strong>od</strong></span> <span class='ocrx_word' id='word_1_395' title='bbox 1716 3848 1871 3918; x_wconf 74' lang='lat' dir='ltr'><strong>coptum</strong></span> 
     </span>
     <span class='ocr_line' id='line_1_38' title="bbox 437 3924 1869 4006; baseline 0.002 -20"><span class='ocrx_word' id='word_1_396' title='bbox 437 3927 556 4006; x_wconf 80' lang='lat' dir='ltr'><strong>generis</strong></span> <span class='ocrx_word' id='word_1_397' title='bbox 572 3944 625 3984; x_wconf 88' lang='lat' dir='ltr'><strong>seu</strong></span> <span class='ocrx_word' id='word_1_398' title='bbox 645 3933 787 4000; x_wconf 81' lang='lat' dir='ltr'><strong>nuturae3</strong></span> <span class='ocrx_word' id='word_1_399' title='bbox 815 3932 848 3983; x_wconf 93' lang='lat' dir='ltr'><strong>ut</strong></span> <span class='ocrx_word' id='word_1_400' title='bbox 874 3926 899 3984; x_wconf 93' lang='lat' dir='ltr'><strong>si</strong></span> <span class='ocrx_word' id='word_1_401' title='bbox 926 3924 1024 3983; x_wconf 87' lang='lat' dir='ltr'><strong>dicas:</strong></span> <span class='ocrx_word' id='word_1_402' title='bbox 1049 3924 1130 4003; x_wconf 88' lang='lat' dir='ltr'><strong>Lupi</strong></span> <span class='ocrx_word' id='word_1_403' title='bbox 1185 3933 1214 3986; x_wconf 83' lang='lat' dir='ltr'><strong>et</strong></span> <span class='ocrx_word' id='word_1_404' title='bbox 1234 3929 1414 4003; x_wconf 77' lang='lat' dir='ltr'><strong>pernicicm.</strong></span> <span class='ocrx_word' id='word_1_405' title='bbox 1446 3927 1524 3987; x_wconf 81' lang='lat' dir='ltr'><strong>Nam</strong></span> <span class='ocrx_word' id='word_1_406' title='bbox 1539 3926 1627 3986; x_wconf 89' lang='lat' dir='ltr'><strong>Deus</strong></span> <span class='ocrx_word' id='word_1_407' title='bbox 1643 3925 1738 3988; x_wconf 76' lang='lat' dir='ltr'><strong>brute</strong></span> <span class='ocrx_word' id='word_1_408' title='bbox 1752 3930 1869 3989; x_wconf 71' lang='lat' dir='ltr'><strong>eninm</strong></span> 
     </span>
     <span class='ocr_line' id='line_1_39' title="bbox 437 4011 1870 4094; baseline 0.001 -22"><span class='ocrx_word' id='word_1_409' title='bbox 437 4032 503 4073; x_wconf 80' lang='lat' dir='ltr'><strong>sesa</strong></span> <span class='ocrx_word' id='word_1_410' title='bbox 519 4033 579 4072; x_wconf 91' lang='lat' dir='ltr'><strong>nou</strong></span> <span class='ocrx_word' id='word_1_411' title='bbox 595 4011 762 4072; x_wconf 83' lang='lat' dir='ltr'><strong>comedunt.</strong></span> <span class='ocrx_word' id='word_1_412' title='bbox 1184 4015 1234 4084; x_wconf 91' lang='lat' dir='ltr'><strong>tia,</strong></span> <span class='ocrx_word' id='word_1_413' title='bbox 1251 4011 1466 4094; x_wconf 85' lang='lat' dir='ltr'><strong>quadrupedia,</strong></span> <span class='ocrx_word' id='word_1_414' title='bbox 1482 4013 1627 4085; x_wconf 80' lang='lat' dir='ltr'><strong>volatilis,</strong></span> <span class='ocrx_word' id='word_1_415' title='bbox 1643 4014 1790 4076; x_wconf 75' lang='lat' dir='ltr'><strong>natatilis</strong></span> <span class='ocrx_word' id='word_1_416' title='bbox 1803 4031 1870 4074; x_wconf 69' lang='lat' dir='ltr'><strong>cres</strong></span> 
     </span>
     <span class='ocr_line' id='line_1_40' title="bbox 480 4096 1871 4180; baseline 0.002 -21"><span class='ocrx_word' id='word_1_417' title='bbox 480 4098 591 4159; x_wconf 79' lang='lat' dir='ltr'><strong>Sensus</strong></span> <span class='ocrx_word' id='word_1_418' title='bbox 617 4099 707 4178; x_wconf 76' lang='lat' dir='ltr'><strong>igitur</strong></span> <span class='ocrx_word' id='word_1_419' title='bbox 730 4098 782 4158; x_wconf 88' lang='lat' dir='ltr'><strong>hic</strong></span> <span class='ocrx_word' id='word_1_420' title='bbox 806 4117 873 4158; x_wconf 89' lang='lat' dir='ltr'><strong>esse</strong></span> <span class='ocrx_word' id='word_1_421' title='bbox 898 4097 1033 4157; x_wconf 85' lang='lat' dir='ltr'><strong>videtur:</strong></span> <span class='ocrx_word' id='word_1_422' title='bbox 1075 4096 1131 4157; x_wconf 88' lang='lat' dir='ltr'><strong>Isti</strong></span> <span class='ocrx_word' id='word_1_423' title='bbox 1184 4100 1245 4171; x_wconf 83' lang='lat' dir='ltr'><strong>vit,</strong></span> <span class='ocrx_word' id='word_1_424' title='bbox 1274 4109 1307 4160; x_wconf 95' lang='lat' dir='ltr'><strong>nt</strong></span> <span class='ocrx_word' id='word_1_425' title='bbox 1335 4100 1373 4159; x_wconf 91' lang='lat' dir='ltr'><strong>ab</strong></span> <span class='ocrx_word' id='word_1_426' title='bbox 1403 4099 1574 4160; x_wconf 86' lang='lat' dir='ltr'><strong>horninibus</strong></span> <span class='ocrx_word' id='word_1_427' title='bbox 1604 4109 1698 4180; x_wconf 85' lang='lat' dir='ltr'><strong>capta</strong></span> <span class='ocrx_word' id='word_1_428' title='bbox 1726 4110 1759 4162; x_wconf 89' lang='lat' dir='ltr'><strong>et</strong></span> <span class='ocrx_word' id='word_1_429' title='bbox 1787 4100 1871 4161; x_wconf 73' lang='lat' dir='ltr'><strong>ucria</strong></span> 
     </span>
     <span class='ocr_line' id='line_1_41' title="bbox 437 4182 1569 4264; baseline -0.001 -18"><span class='ocrx_word' id='word_1_430' title='bbox 437 4185 567 4246; x_wconf 82' lang='lat' dir='ltr'><strong>Simonis</strong></span> <span class='ocrx_word' id='word_1_431' title='bbox 590 4184 730 4264; x_wconf 88' lang='lat' dir='ltr'><strong>discipuli</strong></span> <span class='ocrx_word' id='word_1_432' title='bbox 751 4205 810 4245; x_wconf 90' lang='lat' dir='ltr'><strong>non</strong></span> <span class='ocrx_word' id='word_1_433' title='bbox 835 4193 975 4244; x_wconf 86' lang='lat' dir='ltr'><strong>verentur</strong></span> <span class='ocrx_word' id='word_1_434' title='bbox 993 4182 1130 4243; x_wconf 87' lang='lat' dir='ltr'><strong>coelesti·</strong></span> <span class='ocrx_word' id='word_1_435' title='bbox 1184 4184 1292 4246; x_wconf 87' lang='lat' dir='ltr'><strong>cedunt</strong></span> <span class='ocrx_word' id='word_1_436' title='bbox 1310 4188 1458 4247; x_wconf 84' lang='lat' dir='ltr'><strong>incorum</strong></span> <span class='ocrx_word' id='word_1_437' title='bbox 1473 4206 1569 4246; x_wconf 91' lang='lat' dir='ltr'><strong>nsum.</strong></span> 
     </span>
     <span class='ocr_line' id='line_1_42' title="bbox 435 4266 1870 4352; baseline -0.002 -19"><span class='ocrx_word' id='word_1_438' title='bbox 435 4271 492 4333; x_wconf 85' lang='lat' dir='ltr'><strong>bus</strong></span> <span class='ocrx_word' id='word_1_439' title='bbox 508 4292 544 4332; x_wconf 85' lang='lat' dir='ltr'><strong>sc</strong></span> <span class='ocrx_word' id='word_1_440' title='bbox 559 4272 879 4352; x_wconf 83' lang='lat' dir='ltr'><strong>gloriosisvirtntibns,</strong></span> <span class='ocrx_word' id='word_1_441' title='bbox 905 4270 936 4330; x_wconf 94' lang='lat' dir='ltr'><strong>id</strong></span> <span class='ocrx_word' id='word_1_442' title='bbox 952 4280 1000 4332; x_wconf 89' lang='lat' dir='ltr'><strong>eat</strong></span> <span class='ocrx_word' id='word_1_443' title='bbox 1016 4270 1130 4350; x_wconf 85' lang='lat' dir='ltr'><strong>angelis</strong></span> <span class='ocrx_word' id='word_1_444' title='bbox 1227 4272 1290 4334; x_wconf 82' lang='lat' dir='ltr'><strong>Alii</strong></span> <span class='ocrx_word' id='word_1_445' title='bbox 1324 4272 1501 4334; x_wconf 87' lang='lat' dir='ltr'><strong>vocabulum</strong></span> <span class='ocrx_word' id='word_1_446' title='bbox 1529 4266 1646 4351; x_wconf 75' lang='grc' dir='ltr'>φυσικὰ</span> <span class='ocrx_word' id='word_1_447' title='bbox 1677 4276 1807 4336; x_wconf 87' lang='lat' dir='ltr'><strong>seorsim</strong></span> <span class='ocrx_word' id='word_1_448' title='bbox 1832 4291 1870 4330; x_wconf 77' lang='lat' dir='ltr'><strong>sc</strong></span> 
     </span>
     <span class='ocr_line' id='line_1_43' title="bbox 435 4357 1870 4442; baseline -0.001 -21"><span class='ocrx_word' id='word_1_449' title='bbox 435 4359 593 4441; x_wconf 72' lang='lat' dir='ltr'><strong>gloriosis,</strong></span> <span class='ocrx_word' id='word_1_450' title='bbox 619 4357 811 4430; x_wconf 80' lang='lat' dir='ltr'><strong>maledicere,</strong></span> <span class='ocrx_word' id='word_1_451' title='bbox 841 4376 909 4417; x_wconf 90' lang='lat' dir='ltr'><strong>cum</strong></span> <span class='ocrx_word' id='word_1_452' title='bbox 935 4358 994 4437; x_wconf 88' lang='lat' dir='ltr'><strong>ipsi</strong></span> <span class='ocrx_word' id='word_1_453' title='bbox 1020 4357 1132 4436; x_wconf 81' lang='lat' dir='ltr'><strong>angeli,</strong></span> <span class='ocrx_word' id='word_1_454' title='bbox 1184 4360 1317 4440; x_wconf 89' lang='lat' dir='ltr'><strong>cipiunt,</strong></span> <span class='ocrx_word' id='word_1_455' title='bbox 1347 4369 1532 4441; x_wconf 86' lang='lat' dir='ltr'><strong>exponentes</strong></span> <span class='ocrx_word' id='word_1_456' title='bbox 1562 4360 1619 4419; x_wconf 90' lang='lat' dir='ltr'><strong>hoc</strong></span> <span class='ocrx_word' id='word_1_457' title='bbox 1651 4362 1760 4422; x_wconf 88' lang='lat' dir='ltr'><strong>modo:</strong></span> <span class='ocrx_word' id='word_1_458' title='bbox 1796 4360 1870 4442; x_wconf 79' lang='lat' dir='ltr'><strong>Ques</strong></span> 
     </span>
     <span class='ocr_line' id='line_1_44' title="bbox 435 4445 1871 4527; baseline 0.002 -20"><span class='ocrx_word' id='word_1_459' title='bbox 435 4445 542 4509; x_wconf 87' lang='lat' dir='ltr'><strong>robore</strong></span> <span class='ocrx_word' id='word_1_460' title='bbox 568 4466 603 4506; x_wconf 89' lang='lat' dir='ltr'><strong>ac</strong></span> <span class='ocrx_word' id='word_1_461' title='bbox 629 4446 739 4505; x_wconf 85' lang='lat' dir='ltr'><strong>virtute</strong></span> <span class='ocrx_word' id='word_1_462' title='bbox 765 4447 810 4505; x_wconf 92' lang='lat' dir='ltr'><strong>eis</strong></span> <span class='ocrx_word' id='word_1_463' title='bbox 836 4445 976 4523; x_wconf 82' lang='lat' dir='ltr'><strong>majores,</strong></span> <span class='ocrx_word' id='word_1_464' title='bbox 1002 4464 1060 4504; x_wconf 90' lang='lat' dir='ltr'><strong>non</strong></span> <span class='ocrx_word' id='word_1_465' title='bbox 1087 4446 1130 4505; x_wconf 92' lang='lat' dir='ltr'><strong>in·</strong></span> <span class='ocrx_word' id='word_1_466' title='bbox 1183 4446 1311 4506; x_wconf 86' lang='lat' dir='ltr'><strong>naturali</strong></span> <span class='ocrx_word' id='word_1_467' title='bbox 1337 4448 1449 4527; x_wconf 87' lang='lat' dir='ltr'><strong>impetn</strong></span> <span class='ocrx_word' id='word_1_468' title='bbox 1477 4448 1630 4515; x_wconf 81' lang='lat' dir='ltr'><strong>feruntur,</strong></span> <span class='ocrx_word' id='word_1_469' title='bbox 1663 4469 1728 4510; x_wconf 90' lang='lat' dir='ltr'><strong>non</strong></span> <span class='ocrx_word' id='word_1_470' title='bbox 1754 4450 1871 4518; x_wconf 62' lang='lat' dir='ltr'><strong>retium</strong></span> 
     </span>
     <span class='ocr_line' id='line_1_45' title="bbox 435 4530 1870 4615; baseline 0.002 -20"><span class='ocrx_word' id='word_1_471' title='bbox 435 4533 534 4595; x_wconf 80' lang='lat' dir='ltr'><strong>ierunt</strong></span> <span class='ocrx_word' id='word_1_472' title='bbox 549 4533 606 4593; x_wconf 89' lang='lat' dir='ltr'><strong>sibi</strong></span> <span class='ocrx_word' id='word_1_473' title='bbox 621 4541 733 4604; x_wconf 87' lang='lat' dir='ltr'><strong>mutuo,</strong></span> <span class='ocrx_word' id='word_1_474' title='bbox 762 4531 863 4603; x_wconf 85' lang='lat' dir='ltr'><strong>idest,</strong></span> <span class='ocrx_word' id='word_1_475' title='bbox 890 4530 942 4591; x_wconf 88' lang='lat' dir='ltr'><strong>alii</strong></span> <span class='ocrx_word' id='word_1_476' title='bbox 958 4531 1033 4603; x_wconf 85' lang='lat' dir='ltr'><strong>aliis,</strong></span> <span class='ocrx_word' id='word_1_477' title='bbox 1059 4531 1131 4590; x_wconf 88' lang='lat' dir='ltr'><strong>boni</strong></span> <span class='ocrx_word' id='word_1_478' title='bbox 1184 4539 1217 4591; x_wconf 86' lang='lat' dir='ltr'><strong>ut</strong></span> <span class='ocrx_word' id='word_1_479' title='bbox 1239 4534 1277 4592; x_wconf 89' lang='lat' dir='ltr'><strong>sit</strong></span> <span class='ocrx_word' id='word_1_480' title='bbox 1299 4533 1463 4594; x_wconf 73' lang='lat' dir='ltr'><strong>declaratio</strong></span> <span class='ocrx_word' id='word_1_481' title='bbox 1487 4533 1628 4595; x_wconf 85' lang='lat' dir='ltr'><strong>vocabuli</strong></span> <span class='ocrx_word' id='word_1_482' title='bbox 1656 4533 1870 4615; x_wconf 65' lang='lat' dir='ltr'><strong>procedentis:</strong></span> 
     </span>
     <span class='ocr_line' id='line_1_46' title="bbox 436 4610 1871 4703; baseline 0.002 -22"><span class='ocrx_word' id='word_1_483' title='bbox 436 4622 530 4694; x_wconf 88' lang='lat' dir='ltr'><strong>malis,</strong></span> <span class='ocrx_word' id='word_1_484' title='bbox 557 4618 706 4698; x_wconf 87' lang='lat' dir='ltr'><strong>judicium</strong></span> <span class='ocrx_word' id='word_1_485' title='bbox 735 4617 958 4697; x_wconf 88' lang='lat' dir='ltr'><strong>blasphemum,</strong></span> <span class='ocrx_word' id='word_1_486' title='bbox 989 4638 1048 4677; x_wconf 92' lang='lat' dir='ltr'><strong>non</strong></span> <span class='ocrx_word' id='word_1_487' title='bbox 1078 4619 1129 4677; x_wconf 89' lang='lat' dir='ltr'><strong>im·</strong></span> <span class='ocrx_word' id='word_1_488' title='bbox 1185 4610 1294 4694; x_wconf 77' lang='grc' dir='ltr'>ἄλογα.</span> <span class='ocrx_word' id='word_1_489' title='bbox 1319 4619 1379 4700; x_wconf 80' lang='lat' dir='ltr'><strong>Qui</strong></span> <span class='ocrx_word' id='word_1_490' title='bbox 1397 4640 1502 4681; x_wconf 88' lang='lat' dir='ltr'><strong>sensns</strong></span> <span class='ocrx_word' id='word_1_491' title='bbox 1518 4621 1615 4700; x_wconf 92' lang='lat' dir='ltr'><strong>aptior</strong></span> <span class='ocrx_word' id='word_1_492' title='bbox 1631 4629 1695 4682; x_wconf 88' lang='lat' dir='ltr'><strong>est:</strong></span> <span class='ocrx_word' id='word_1_493' title='bbox 1712 4623 1871 4703; x_wconf 77' lang='lat' dir='ltr'><strong>nrmjum</strong></span> 
     </span>
     <span class='ocr_line' id='line_1_47' title="bbox 437 4702 1870 4789; baseline 0.003 -22"><span class='ocrx_word' id='word_1_494' title='bbox 437 4707 732 4788; x_wconf 77' lang='lat' dir='ltr'><strong>pingunteisnotarn</strong></span> <span class='ocrx_word' id='word_1_495' title='bbox 746 4702 905 4773; x_wconf 81' lang='lat' dir='ltr'><strong>maledicti,</strong></span> <span class='ocrx_word' id='word_1_496' title='bbox 920 4707 1132 4785; x_wconf 81' lang='lat' dir='ltr'><strong>noningerant</strong></span> <span class='ocrx_word' id='word_1_497' title='bbox 1183 4707 1310 4786; x_wconf 85' lang='lat' dir='ltr'><strong>priorem</strong></span> <span class='ocrx_word' id='word_1_498' title='bbox 1338 4727 1455 4769; x_wconf 89' lang='lat' dir='ltr'><strong>sensum</strong></span> <span class='ocrx_word' id='word_1_499' title='bbox 1482 4708 1583 4789; x_wconf 90' lang='lat' dir='ltr'><strong>potius</strong></span> <span class='ocrx_word' id='word_1_500' title='bbox 1608 4706 1778 4771; x_wconf 88' lang='lat' dir='ltr'><strong>dicendum</strong></span> <span class='ocrx_word' id='word_1_501' title='bbox 1803 4713 1870 4771; x_wconf 56' lang='grc' dir='ltr'><strong>αὐτ</strong></span> 
     </span>
     <span class='ocr_line' id='line_1_48' title="bbox 435 4786 1868 4875; baseline 0.004 -22"><span class='ocrx_word' id='word_1_502' title='bbox 435 4792 528 4854; x_wconf 84' lang='lat' dir='ltr'><strong>verbu</strong></span> <span class='ocrx_word' id='word_1_503' title='bbox 550 4792 706 4865; x_wconf 89' lang='lat' dir='ltr'><strong>maledica,</strong></span> <span class='ocrx_word' id='word_1_504' title='bbox 729 4814 788 4853; x_wconf 90' lang='lat' dir='ltr'><strong>uon</strong></span> <span class='ocrx_word' id='word_1_505' title='bbox 812 4810 864 4851; x_wconf 86' lang='lat' dir='ltr'><strong>eoa</strong></span> <span class='ocrx_word' id='word_1_506' title='bbox 879 4811 946 4851; x_wconf 85' lang='lat' dir='ltr'><strong>curn</strong></span> <span class='ocrx_word' id='word_1_507' title='bbox 963 4791 1131 4852; x_wconf 84' lang='lat' dir='ltr'><strong>maledictis</strong></span> <span class='ocrx_word' id='word_1_508' title='bbox 1183 4795 1323 4870; x_wconf 78' lang='grc' dir='ltr'>φυσικῶς</span> <span class='ocrx_word' id='word_1_509' title='bbox 1348 4813 1400 4854; x_wconf 90' lang='lat' dir='ltr'><strong>sen</strong></span> <span class='ocrx_word' id='word_1_510' title='bbox 1422 4786 1510 4870; x_wconf 81' lang='grc' dir='ltr'>φύσει</span> <span class='ocrx_word' id='word_1_511' title='bbox 1533 4788 1738 4875; x_wconf 71' lang='grc' dir='ltr'><strong>γεγενημένα,</strong></span> <span class='ocrx_word' id='word_1_512' title='bbox 1764 4805 1868 4858; x_wconf 74' lang='lat' dir='ltr'><strong>maus·</strong></span> 
     </span>
     <span class='ocr_line' id='line_1_49' title="bbox 436 4878 1866 4965; baseline 0.001 -24"><span class='ocrx_word' id='word_1_513' title='bbox 436 4886 638 4951; x_wconf 88' lang='lat' dir='ltr'><strong>exsecrentur,</strong></span> <span class='ocrx_word' id='word_1_514' title='bbox 650 4880 674 4938; x_wconf 88' lang='lat' dir='ltr'><strong>si</strong></span> <span class='ocrx_word' id='word_1_515' title='bbox 691 4878 814 4960; x_wconf 88' lang='lat' dir='ltr'><strong>quando</strong></span> <span class='ocrx_word' id='word_1_516' title='bbox 830 4880 1061 4940; x_wconf 81' lang='lat' dir='ltr'><strong>controuersiam</strong></span> <span class='ocrx_word' id='word_1_517' title='bbox 1078 4897 1130 4939; x_wconf 87' lang='lat' dir='ltr'><strong>seu</strong></span> <span class='ocrx_word' id='word_1_518' title='bbox 1181 4880 1253 4940; x_wconf 81' lang='lat' dir='ltr'><strong>liter</strong></span> <span class='ocrx_word' id='word_1_519' title='bbox 1275 4901 1326 4940; x_wconf 86' lang='lat' dir='ltr'><strong>sen</strong></span> <span class='ocrx_word' id='word_1_520' title='bbox 1351 4889 1460 4942; x_wconf 90' lang='lat' dir='ltr'><strong>natura</strong></span> <span class='ocrx_word' id='word_1_521' title='bbox 1475 4882 1577 4961; x_wconf 83' lang='lat' dir='ltr'><strong>genite</strong></span> <span class='ocrx_word' id='word_1_522' title='bbox 1593 4881 1634 4943; x_wconf 86' lang='lat' dir='ltr'><strong>ad</strong></span> <span class='ocrx_word' id='word_1_523' title='bbox 1650 4893 1810 4965; x_wconf 73' lang='lat' dir='ltr'><strong>capturam</strong></span> <span class='ocrx_word' id='word_1_524' title='bbox 1824 4885 1866 4943; x_wconf 75' lang='lat' dir='ltr'><strong>aa</strong></span> 
     </span>
     <span class='ocr_line' id='line_1_50' title="bbox 437 4964 1916 5052; baseline 0.006 -28"><span class='ocrx_word' id='word_1_525' title='bbox 437 4965 684 5048; x_wconf 82' lang='lat' dir='ltr'><strong>disceptationem</strong></span> <span class='ocrx_word' id='word_1_526' title='bbox 700 4987 766 5027; x_wconf 88' lang='lat' dir='ltr'><strong>cum</strong></span> <span class='ocrx_word' id='word_1_527' title='bbox 783 4964 953 5027; x_wconf 87' lang='lat' dir='ltr'><strong>eishabent</strong></span> <span class='ocrx_word' id='word_1_528' title='bbox 969 4966 1128 5047; x_wconf 78' lang='lat' dir='ltr'><strong>apudDo</strong></span> <span class='ocrx_word' id='word_1_529' title='bbox 1182 4966 1279 5028; x_wconf 86' lang='lat' dir='ltr'><strong>Sentit</strong></span> <span class='ocrx_word' id='word_1_530' title='bbox 1308 4968 1492 5048; x_wconf 84' lang='lat' dir='ltr'><strong>Apostolus,</strong></span> <span class='ocrx_word' id='word_1_531' title='bbox 1522 4986 1595 5041; x_wconf 88' lang='lat' dir='ltr'><strong>eos,</strong></span> <span class='ocrx_word' id='word_1_532' title='bbox 1626 4969 1782 5032; x_wconf 84' lang='lat' dir='ltr'><strong>adversus</strong></span> <span class='ocrx_word' id='word_1_533' title='bbox 1807 4984 1868 5052; x_wconf 67' lang='lat' dir='ltr'><strong>m</strong></span> <span class='ocrx_word' id='word_1_534' title='bbox 1914 4987 1916 5024; x_wconf 79' lang='grc'>1</span> 
     </span>
    </p>
   </div>
   <div class='ocr_carea' id='block_1_3' title="bbox 436 5029 1916 5140">
    <p class='ocr_par' dir='ltr' id='par_1_3' title="bbox 436 5029 1916 5140">
     <span class='ocr_line' id='line_1_51' title="bbox 436 5029 1916 5140; baseline 0.003 -25"><span class='ocrx_word' id='word_1_535' title='bbox 436 5052 549 5115; x_wconf 87' lang='lat' dir='ltr'><strong>minum</strong></span> <span class='ocrx_word' id='word_1_536' title='bbox 564 5052 616 5116; x_wconf 83' lang='lat' dir='ltr'><strong>vel</strong></span> <span class='ocrx_word' id='word_1_537' title='bbox 630 5072 729 5116; x_wconf 80' lang='lat' dir='ltr'><strong>eorem</strong></span> <span class='ocrx_word' id='word_1_538' title='bbox 744 5052 883 5115; x_wconf 83' lang='lat' dir='ltr'><strong>Domino.</strong></span> <span class='ocrx_word' id='word_1_539' title='bbox 904 5053 993 5128; x_wconf 80' lang='lat' dir='ltr'><strong>Nam,</strong></span> <span class='ocrx_word' id='word_1_540' title='bbox 1008 5061 1042 5117; x_wconf 91' lang='lat' dir='ltr'><strong>nt</strong></span> <span class='ocrx_word' id='word_1_541' title='bbox 1052 5052 1131 5115; x_wconf 83' lang='lat' dir='ltr'><strong>ulter</strong></span> <span class='ocrx_word' id='word_1_542' title='bbox 1181 5055 1296 5130; x_wconf 89' lang='lat' dir='ltr'><strong>scribit,</strong></span> <span class='ocrx_word' id='word_1_543' title='bbox 1310 5073 1394 5117; x_wconf 89' lang='lat' dir='ltr'><strong>more</strong></span> <span class='ocrx_word' id='word_1_544' title='bbox 1407 5056 1562 5117; x_wconf 88' lang='lat' dir='ltr'><strong>brutorum</strong></span> <span class='ocrx_word' id='word_1_545' title='bbox 1577 5056 1789 5137; x_wconf 68' lang='lat' dir='ltr'><strong>animantia,</strong></span> <span class='ocrx_word' id='word_1_546' title='bbox 1805 5069 1868 5140; x_wconf 75' lang='lat' dir='ltr'><strong>qest</strong></span> <span class='ocrx_word' id='word_1_547' title='bbox 1913 5029 1916 5120; x_wconf 74' lang='lat' dir='ltr'><strong>i</strong></span> 
     </span>
    </p>
   </div>
   <div class='ocr_carea' id='block_1_4' title="bbox 0 0 2227 5825">
    <p class='ocr_par' dir='ltr' id='par_1_4' title="bbox 0 0 2227 5825">
     <span class='ocr_line' id='line_1_52' title="bbox 0 0 2227 5825; baseline 0 0"><span class='ocrx_word' id='word_1_548' title='bbox 0 0 2227 5825; x_wconf 95' lang='lat' dir='ltr'><strong> </strong></span> 
     </span>
    </p>
   </div>
  </div>
 </body>
</html>
