4442 5825
749 605 911 663 rrrsrouse
928 607 947 663 ι
962 606 1164 663 nisurum
1184 605 1269 662 rua
1285 608 1311 660 s.
1330 607 1355 662 ι.
1710 613 1785 685 535

361 788 491 852 ιιοιιιι,
513 780 641 847 daem
656 782 818 845 Attendite
840 782 884 843 ad
908 783 1035 857 Soram,
1132 784 1176 844 Et
1190 801 1259 844 nort
1270 785 1473 858 pertimentes
1495 783 1599 844 ullam
1611 784 1785 859 perturba·

359 886 424 929 asae
441 870 577 945 peperit
590 887 663 943 aes,
689 869 755 932 Jes.
771 871 821 930 bl.
857 866 1036 930 Obeslisntin
1089 871 1216 931 tionem.
1254 866 1387 929 Graece:
1418 871 1492 931 Non
1514 872 1658 931 timentes
1682 871 1785 933 ullum

359 956 434 1015 'sess
453 954 682 1017 commendatur,
701 956 732 1016 in
754 975 809 1027 ee,
833 955 915 1036 qnod
938 958 1034 1016 virum
1086 974 1259 1031 pavorem,
1279 955 1328 1015 rel
1344 974 1411 1016 non
1427 958 1557 1017 territos
1571 957 1638 1017 ullo
1652 976 1784 1033 pauore.

359 1039 519 1103 interae
533 1050 566 1101 et
585 1049 717 1103 motas
739 1044 877 1121 reginum
901 1042 1033 1121 proficis·
1089 1042 1158 1120 Quo
1174 1044 1205 1103 in
1220 1059 1357 1101 sermone
1380 1063 1440 1103 non
1462 1049 1522 1102 tam
1538 1043 1714 1103 Atticismus
1729 1054 1785 1118 est,

359 1126 663 1205 sutem..spsuleinrls
677 1129 744 1190 loca
759 1137 937 1199 mutantem,
958 1148 1033 1190 aem·
1089 1128 1170 1206 quod
1194 1127 1441 1201 vulterranus,
1465 1148 1554 1207 qnam
1573 1129 1784 1203 Hebraismua,

359 1232 404 1275 sn·
420 1222 534 1275 sesnin
555 1222 616 1289 esis
646 1213 804 1294 napique,
835 1235 871 1275 ee
897 1214 1034 1293 jubente,
1088 1234 1149 1293 que
1172 1214 1249 1274 solet
1266 1213 1447 1275 vocabulum
1472 1223 1558 1276 notus
1581 1215 1634 1275 vel
1658 1215 1784 1278 efferim

359 1303 435 1361 tiarn-
451 1298 596 1380 pericul'n
610 1302 734 1379 pudoris
756 1319 823 1361 sese
847 1321 899 1379 pro
914 1300 966 1360 illo
982 1322 1032 1362 ex·
1088 1301 1159 1379 poni
1185 1321 1238 1379 pro
1266 1298 1400 1378 objecto,
1437 1310 1470 1361 nt
1495 1302 1558 1363 Job
1584 1302 1629 1362 3.:
1663 1304 1783 1378 Timor,

359 1387 451 1459 mit,
482 1385 601 1457 diaeum
631 1406 668 1449 se
694 1406 825 1451 serormn
856 1389 921 1465 ejus
951 1407 1034 1462 esse3
1086 1407 1176 1463 quem
1193 1386 1360 1462 timebam,
1378 1389 1482 1449 euenit
1497 1389 1592 1464 milti,
1616 1387 1647 1449 id
1663 1397 1784 1449 estma-

359 1471 779 1552 undimperantiacdicenti:
796 1475 954 1548 Accelera,
968 1477 1033 1535 tria
1087 1474 1164 1545 lum,
1180 1471 1260 1553 quod
1276 1472 1415 1546 verebar,
1438 1473 1566 1551 accidit,
1587 1473 1699 1535 Psalnr.
1716 1476 1783 1536 90.:

359 1560 740 1635 remitae-commisse,
757 1559 832 1622 Gen.
851 1565 916 1632 18.,
932 1563 1032 1622 statim
1086 1563 1159 1621 Non
1175 1559 1296 1620 timebis
1311 1577 1332 1618 a
1348 1563 1460 1620 timore
1482 1568 1641 1622 noctumo
1648 1584 1661 1638 ,·
1684 1571 1716 1621 et
1730 1561 1782 1621 hie

359 1646 567 1725 tempestivis
1086 1648 1177 1727 paule
1192 1646 1333 1706 inferius:
1363 1648 1522 1707 Timorem
1545 1666 1655 1708 eorum
1678 1666 1719 1708 ne
1741 1649 1783 1707 ti-

373 1732 519 1813 Denique
542 1751 685 1819 megum
708 1753 743 1793 ee
770 1743 937 1812 promptam
963 1734 1031 1792 sub·
1086 1736 1236 1795 maestus.
1274 1733 1324 1794 Sic
1340 1735 1369 1794 in
1386 1733 1452 1793 aliis
1475 1733 1591 1795 actibus
1606 1734 1656 1795 vel
1670 1734 1780 1797 affecti·

359 1820 495 1881 ιιίοιιοιιι
510 1821 576 1881 vire
591 1838 648 1881 suo
663 1817 812 1879 ostendit:
1084 1820 1155 1893 bus,
1181 1831 1215 1879 ut
1237 1819 1349 1880 Psalm.
1379 1822 1466 1883 lOb.:
1492 1822 1536 1882 Et
1564 1822 1782 1883 laudaverunt

374 1908 564 1969 Dominum:
582 1924 654 1969 eum
684 1922 808 1966 cacans.
849 1905 894 1965 Iis
922 1905 1031 1977 verbis,
1086 1907 1212 1967 laudem
1229 1911 1313 1981 ejice,
1337 1915 1467 1968 etmex:
1490 1909 1534 1969 Et
1549 1911 1782 1985 concupierunt

359 2012 413 2055 sae
427 1992 581 2055 habeutm
596 1993 702 2054 eodem
717 1991 783 2053 lere
793 1986 831 2066 ¹):
858 1994 1031 2068 Postquam
1084 1997 1370 2069 concupiscentiam
1386 1997 1421 2054 in
1433 1995 1553 2055 deserto
1560 2017 1572 2073 ,·
1585 1996 1656 2056 item
1668 1994 1780 2056 Psalm.

359 2082 502 2155 monui,
532 2086 561 2139 et
575 2080 724 2141 dominus
737 2096 824 2140 meus
839 2079 962 2140 vetulus
976 2085 1031 2154 est,
1088 2083 1175 2142 138.:
1201 2083 1322 2141 Beatus
1329 2125 1339 2154 ,
1369 2084 1424 2158 qui
1442 2082 1594 2144 retribuet
1609 2083 1668 2142 tibi
1682 2083 1779 2141 retri-

359 2184 384 2231 t·
431 2166 628 2245 Exemplum:
645 2185 719 2231 tum,
738 2168 841 2246 primis
871 2165 1031 2237 landabile,
1085 2167 1243 2227 butionem
1260 2174 1367 2241 tuam,
1384 2187 1480 2245 quam
1493 2168 1666 2229 retribuisti
1677 2169 1779 2242 nobis,

359 2251 432 2325 soil,
453 2272 523 2315 curn
546 2254 614 2332 ipsa
634 2262 793 2314 vocaretur
814 2252 905 2325 Sars,
928 2252 959 2312 id
983 2261 1030 2313 est
1085 2263 1117 2314 et
1126 2251 1165 2312 sd
1179 2253 1295 2312 Tite:
1308 2254 1534 2330 Exspectantes
1545 2256 1670 2315 beatam
1684 2273 1780 2332 spem.

359 2341 470 2412 imina,
505 2348 607 2405 tamen
631 2340 728 2401 uirum
758 2338 909 2401 dominum
945 2358 1031 2398 suum
1083 2340 1193 2419 Itaque
1221 2358 1328 2400 sensus
1357 2348 1417 2399 est:
1447 2340 1539 2419 Quod
1565 2341 1635 2401 dum
1669 2340 1780 2414 lanitia,

359 2444 441 2489 nate
462 2445 525 2487 nou
547 2425 668 2498 abnuit,
694 2446 729 2485 eo
751 2427 871 2487 nomine
893 2435 924 2486 et
947 2424 1030 2485 illius
1084 2447 1144 2487 nen
1160 2432 1223 2500 est,
1250 2422 1330 2505 qued
1345 2429 1486 2487 metuatis
1502 2428 1666 2507 quidquam
1692 2427 1780 2503 mali3

359 2531 502 2593 ponens
517 2520 713 2590 potestaten,
736 2521 767 2572 et
781 2532 867 2573 suam
883 2511 1026 2592 profitens
1084 2513 1184 2586 velut,
1210 2532 1247 2572 ne
1262 2513 1376 2572 maritis
1397 2516 1504 2574 vestris
1528 2512 1727 2593 displiceatis,
1754 2514 1780 2572 ai

359 2598 561 2677 biettiouem,
576 2616 639 2669 uon
648 2598 789 2660 servilem
805 2599 925 2679 quidem
939 2598 1030 2673 illam,
1084 2601 1184 2660 minus
1202 2607 1360 2678 corruptae
1376 2599 1536 2677 inceditis3
1556 2610 1611 2660 snt
1633 2621 1670 2661 ue
1685 2601 1779 2663 servi·

359 2687 501 2765 iqtuur.
518 2705 595 2753 uxor
616 2686 680 2755 vito
702 2684 815 2747 debeat
823 2687 914 2764 juxta
937 2683 1030 2744 illud:
1083 2688 1152 2747 liter
1167 2705 1222 2745 ves
1238 2693 1377 2760 tractent,
1391 2687 1417 2746 si
1431 2686 1535 2748 faciles
1551 2687 1590 2748 ad
1603 2687 1780 2766 obsequium

359 2773 391 2835 sb
416 2774 487 2839 viri.
502 2779 659 2850 potestate
681 2775 759 2848 eris,
787 2771 864 2834 Gen.
889 2773 917 2830 3.
952 2772 1029 2832 Nam
1084 2794 1140 2834 vos
1153 2771 1341 2852 praebeatia3
1364 2782 1398 2833 ut
1415 2773 1492 2834 solet
1512 2793 1602 2835 sexus
1626 2774 1780 2835 muliebris

359 2858 411 2924 erl
426 2861 583 2939 sequ-itur:
598 2861 720 2937 Etipse
735 2858 955 2921 dominabitur
970 2861 1029 2934 tui,
1082 2862 1171 2922 vanis
1185 2860 1348 2940 pavoribus
1361 2880 1427 2922 esse
1443 2861 1599 2924 obnoxius.
1633 2859 1694 2923 Sed
1709 2868 1741 2922 et
1752 2859 1777 2921 i

359 2968 386 3014 »n
397 2947 464 3025 jus.
482 2944 609 3012 dominii
631 2950 699 3008 rire
720 2947 824 3008 tribuit
845 2948 876 3007 iu
899 2966 1030 3019 uxorem,
1082 2946 1161 3008 forte
1176 2948 1256 3007 nacti
1272 2949 1345 3009 estis
1360 2953 1485 3009 maritos
1498 2949 1671 3030 iniquiores,
1687 2947 1778 3010 silen-

359 3032 570 3112 dsignifiest,
596 3032 702 3094 (lurum
726 3053 763 3094 ac
783 3033 943 3094 molestum
966 3052 1028 3092 mu·
1084 3036 1125 3093 tio
1141 3036 1241 3114 potins
1255 3054 1291 3094 se
1306 3036 1467 3113 patientis,
1488 3055 1579 3116 quam
1595 3035 1698 3096 multis
1714 3055 1779 3096 ver·

359 3118 549 3182 uiflstnrum
574 3122 730 3200 imperinm
753 3122 825 3194 viri,
853 3119 946 3200 quale
962 3138 1029 3180 sese
1083 3122 1129 3182 bis
1144 3118 1262 3180 studete
1277 3140 1380 3181 eorum
1395 3124 1510 3183 animos
1530 3121 1632 3183 lenire

359 3206 408 3272 ise
423 3203 612 3274 dominorum
629 3209 660 3268 in
679 3226 793 3268 servos.
827 3208 906 3267 Nem
923 3206 1030 3266 mulier
1128 3208 1155 3266 t.
1185 3208 1263 3280 Viri,
1279 3209 1425 3268 similiter
1440 3209 1657 3270 cohabitantes
1667 3226 1780 3269 secun·

359 3313 429 3356 ruru
445 3290 703 3358 dominumtuum
718 3314 846 3367 recens,
862 3313 921 3354 non
936 3291 1029 3366 aliud,
1083 3295 1161 3355 aum
1177 3295 1348 3355 scientiam.
1371 3295 1462 3357 Viros
1482 3297 1529 3357 sui
1544 3316 1623 3357 nunc
1638 3294 1782 3356 admonet

359 3401 422 3444 iarn
435 3388 909 3460 eaputaorectoremsnumeurn
922 3399 1028 3459 agnos·
1084 3381 1187 3453 officii,
1214 3380 1297 3459 quod
1322 3382 1455 3442 vicissim
1476 3381 1618 3444 uxoribus
1640 3380 1780 3443 debeant.

359 3477 379 3530 t.
403 3467 515 3543 copus
530 3468 610 3528 enirn
625 3465 767 3528 mulieris
782 3470 843 3542 eir,
863 3464 962 3527 lOor.
981 3470 1029 3527 11.
1083 3469 1185 3547 quue
1206 3468 1357 3546 signifieat
1380 3469 1528 3547 particula
1553 3469 1700 3529 similiter
1705 3492 1718 3545 ,·
1743 3487 1780 3528 ae

359 3552 568 3633 uliquaude-
580 3553 734 3635 Scriptura
755 3554 891 3633 loquitur
913 3552 951 3614 de
966 3553 1029 3614 filio
1083 3557 1109 3615 si
1126 3555 1222 3614 dieat:
1245 3556 1384 3617 Vicissim
1399 3557 1560 3616 ediverso.
1585 3554 1779 3619 Oobobitan-

359 3648 480 3724 speetu.
501 3649 677 3720 pareutum:
703 3641 749 3702 Et
774 3643 865 3718 quasi
891 3641 1028 3701 dominis
1084 3650 1146 3717 tes,
1163 3641 1306 3702 subaudi:
1330 3644 1393 3703 sint
1408 3651 1461 3703 aut
1474 3645 1559 3718 sitis,
1584 3653 1616 3704 ut
1631 3642 1716 3703 initio
1733 3661 1777 3702 ee·

359 3730 446 3800 roiet
460 3727 527 3804 bis,
543 3731 599 3806 oui
613 3748 644 3789 se
658 3736 839 3805 penuerunt
847 3772 858 3803 ,
874 3725 954 3787 Eccl.
970 3728 999 3786 3.
1083 3730 1163 3808 pitis.
1186 3729 1318 3790 Primum
1334 3748 1406 3808 ergo
1421 3731 1584 3811 praecipit,
1602 3736 1639 3791 ut
1653 3728 1781 3790 cottabi·

369 3817 564 3890 (iujusestit¹
576 3815 679 3892 illias,
700 3815 938 3892 benefacientes.
967 3814 1031 3875 Ou-
1083 3823 1152 3876 tent
1174 3836 1240 3876 eum
1267 3815 1409 3875 uxoribus
1437 3814 1507 3892 (hoe
1532 3817 1612 3877 enim
1638 3814 1780 3894 supplen-

359 3921 389 3980 u,
405 3901 517 3964 sitnm
532 3902 632 3974 refert,
648 3924 709 3964 neu
720 3901 883 3974 Abrabam,
900 3910 934 3960 ut
950 3909 1033 3979 patet
1084 3899 1185 3978 dnm),
1212 3903 1240 3962 id
1265 3911 1309 3961 est
1332 3911 1546 3964 conversentur
1566 3911 1596 3962 et
1620 3903 1783 3963 convivent

359 3987 522 4054 cGraeco.
558 3991 659 4064 Eitis,
688 3987 822 4051 Graece:
850 3980 1028 4066 ἐγενήθητε,
1084 4010 1151 4049 cum
1179 3989 1216 4047 iis
1239 3989 1410 4049 seeundum
1438 3992 1619 4064 seientiam,
1646 3990 1704 4049 lscc
1727 3998 1781 4063 est,

359 4085 437 4146 ratae
452 4077 533 4136 estis.
570 4076 656 4138 Sicut
671 4078 749 4138 enirn
772 4075 912 4137 bifarium
928 4074 1029 4135 dicen·
1083 4074 1248 4157 prudenter
1270 4085 1389 4136 etcum
1412 4078 1543 4150 ratione,
1569 4085 1606 4138 nt
1625 4075 1782 4156 inquibus

359 4186 374 4224 r
399 4162 457 4226 filii
480 4161 636 4238 Abrahae,
667 4183 757 4226 carue
783 4171 814 4222 et
840 4163 948 4244 spiritu
979 4181 1032 4222 seu
1084 4161 1231 4223 rationale
1242 4160 1391 4240 judicium
1406 4164 1500 4244 magis
1513 4164 1631 4243 vigeat,
1647 4163 1686 4224 ob
1701 4162 1782 4244 quod

359 4251 514 4312 ιίιιιίιιιιοι
542 4250 586 4309 ita
610 4249 777 4328 significat,
806 4249 966 4320 mulieres,
993 4247 1031 4307 ad
1084 4250 1174 4311 etiam
1201 4249 1353 4309 constituti
1380 4258 1449 4311 sunt
1474 4251 1635 4330 conjugum
1661 4270 1782 4311 suarum

359 4357 408 4400 tas
431 4335 550 4410 scribit,
577 4344 611 4398 et
631 4356 708 4417 quae
731 4357 821 4397 carne
843 4342 928 4398 eraut
950 4333 1032 4395 filiae
1084 4344 1223 4396 rectores.
1246 4335 1461 4415 Hencpertern
1475 4336 1624 4417 quomoslo
1638 4335 1780 4398 Oecnme·

359 4443 447 4495 m,
465 4424 556 4484 etiem
572 4424 679 4502 spiritu
694 4423 772 4484 filias
789 4424 853 4500 ejus
868 4422 944 4494 fieri,
959 4420 1030 4481 (Ιιιιιι
1084 4424 1153 4484 nius
1170 4429 1317 4501 exponat,
1340 4420 1418 4483 infra
1433 4424 1574 4484 dicemus.

359 4510 737 4589 mtesipaiusluritsutur.
754 4510 874 4571 Irlsnim
887 4506 1032 4587 estquod
1129 4510 1227 4588 Quasi
1257 4508 1430 4583 infirmiori
1467 4510 1597 4571 vasculo
1634 4508 1783 4569 muliebri

359 4597 437 4664 lrlitc
448 4595 694 4674 benefacientes,
715 4598 772 4659 boc
785 4607 841 4670 est,
858 4595 927 4656 dnm
942 4595 1030 4654 bens·
1084 4597 1467 4670 impertientesbonorem.
1495 4593 1781 4671 Vasculo,Grasee:

359 4685 449 4756 ritis,
464 4682 536 4742 (luni
551 4681 646 4746 bonas
662 4684 867 4763 ejnssetioner
885 4703 920 4743 ac
937 4683 1029 4741 virtu·
1085 4675 1206 4759 σκεύει,
1235 4685 1312 4742 vasi.
1351 4682 1421 4761 Quo
1444 4685 1563 4745 nomine
1586 4701 1694 4762 eorpus
1721 4691 1782 4743 tam

359 4791 381 4845 r,
406 4769 586 4852 praesertim
606 4768 798 4832 obedientiae
821 4767 1030 4850 promptitudi·
1084 4771 1156 4842 viri,
1184 4789 1272 4848 qnam
1288 4768 1421 4829 mulieris
1445 4771 1476 4832 in
1491 4769 1652 4852 Seriptnris
1668 4768 1781 4849 signifi·

359 4879 414 4931 m,
438 4854 574 4918 moribus
587 4858 697 4922 vetitis
712 4859 878 4937 exprimere
892 4853 1028 4916 studetis.
1085 4856 1264 4928 consolat,
1295 4863 1329 4916 nt
1352 4860 1367 4916 l
1388 4856 1463 4936 Reg.
1486 4859 1554 4917 21.:
1584 4858 1628 4919 Et
1647 4857 1783 4934 fuerunt

359 4975 485 4996 -·--
995 4993 999 5000 .
1086 4962 1163 5004 vasa
1176 4961 1352 5021 puerorum
1367 4951 1496 5020 saneta,
1521 4939 1623 5005 lOor.
1641 4948 1687 5006 4.:
1711 4944 1783 5004 Ha·

359 5043 384 5115 ι)
404 5043 472 5100 (ιω.
492 5043 536 5122 ps.
1084 5029 1191 5094 bemus
1206 5032 1388 5092 tnesaurum
1404 5034 1498 5093 istum
1522 5035 1558 5096 in
1577 5034 1661 5096 eatis
1674 5031 1783 5112 pictili-
