<?xml version="1.0" encoding="UTF-8"?>
<!DOCTYPE html PUBLIC "-//W3C//DTD XHTML 1.0 Transitional//EN"
    "http://www.w3.org/TR/xhtml1/DTD/xhtml1-transitional.dtd">
<html xmlns="http://www.w3.org/1999/xhtml" xml:lang="en" lang="en">
 <head>
  <title>
</title>
<meta http-equiv="Content-Type" content="text/html;charset=utf-8" />
  <meta name='ocr-system' content='tesseract 3.04.00' />
  <meta name='ocr-capabilities' content='ocr_page ocr_carea ocr_par ocr_line ocrx_word'/>
</head>
<body>
  <div class='ocr_page' id='page_1' title='image "./guilielmiestiii01estigoog_0292.png"; bbox 0 0 4442 5825; ppageno 0'>
   <div class='ocr_carea' id='block_1_1' title="bbox 402 598 1349 673">
    <p class='ocr_par' dir='ltr' id='par_1_1' title="bbox 402 598 1349 673">
     <span class='ocr_line' id='line_1_1' title="bbox 402 598 1349 673; baseline 0.002 -20"><span class='ocrx_word' id='word_1_1' title='bbox 402 601 476 673; x_wconf 72' lang='lat' dir='ltr'>m</span> <span class='ocrx_word' id='word_1_2' title='bbox 919 598 1349 656; x_wconf 71' lang='lat' dir='ltr'>couumrsuusucsrm</span> 
     </span>
    </p>
   </div>
   <div class='ocr_carea' id='block_1_2' title="bbox 313 769 1825 5112">
    <p class='ocr_par' dir='ltr' id='par_1_2' title="bbox 313 769 1825 5112">
     <span class='ocr_line' id='line_1_2' title="bbox 399 769 1808 857; baseline 0.006 -26"><span class='ocrx_word' id='word_1_3' title='bbox 399 777 430 831; x_wconf 88' lang='lat' dir='ltr'>st</span> <span class='ocrx_word' id='word_1_4' title='bbox 451 769 504 830; x_wconf 91' lang='lat' dir='ltr'>ille</span> <span class='ocrx_word' id='word_1_5' title='bbox 523 790 631 833; x_wconf 80' lang='lat' dir='ltr'>revera</span> <span class='ocrx_word' id='word_1_6' title='bbox 653 780 786 835; x_wconf 82' lang='lat' dir='ltr'>mortum</span> <span class='ocrx_word' id='word_1_7' title='bbox 808 773 873 835; x_wconf 82' lang='lat' dir='ltr'>luit</span> <span class='ocrx_word' id='word_1_8' title='bbox 898 774 1002 854; x_wconf 74' lang='lat' dir='ltr'>Quare</span> <span class='ocrx_word' id='word_1_9' title='bbox 1024 776 1093 854; x_wconf 89' lang='lat' dir='ltr'>ipsa</span> <span class='ocrx_word' id='word_1_10' title='bbox 1148 795 1201 854; x_wconf 90' lang='lat' dir='ltr'>pro</span> <span class='ocrx_word' id='word_1_11' title='bbox 1216 777 1434 857; x_wconf 86' lang='lat' dir='ltr'>complemento</span> <span class='ocrx_word' id='word_1_12' title='bbox 1450 775 1586 838; x_wconf 85' lang='lat' dir='ltr'>addidit:</span> <span class='ocrx_word' id='word_1_13' title='bbox 1602 795 1672 839; x_wconf 79' lang='lat' dir='ltr'>cum</span> <span class='ocrx_word' id='word_1_14' title='bbox 1688 778 1808 839; x_wconf 76' lang='lat' dir='ltr'>Dosar-</span> 
     </span>
     <span class='ocr_line' id='line_1_3' title="bbox 399 857 1811 942; baseline 0.007 -27"><span class='ocrx_word' id='word_1_15' title='bbox 399 860 544 919; x_wconf 76' lang='lat' dir='ltr'>sunnonis</span> <span class='ocrx_word' id='word_1_16' title='bbox 559 857 717 919; x_wconf 84' lang='lat' dir='ltr'>diversitas</span> <span class='ocrx_word' id='word_1_17' title='bbox 732 863 832 939; x_wconf 79' lang='lat' dir='ltr'>arguit</span> <span class='ocrx_word' id='word_1_18' title='bbox 844 863 876 923; x_wconf 86' lang='lat' dir='ltr'>in</span> <span class='ocrx_word' id='word_1_19' title='bbox 890 881 926 921; x_wconf 92' lang='lat' dir='ltr'>eo</span> <span class='ocrx_word' id='word_1_20' title='bbox 941 864 1092 940; x_wconf 84' lang='lat' dir='ltr'>exceptio·</span> <span class='ocrx_word' id='word_1_21' title='bbox 1148 863 1279 924; x_wconf 84' lang='lat' dir='ltr'>bulaoit.</span> <span class='ocrx_word' id='word_1_22' title='bbox 1292 865 1386 924; x_wconf 87' lang='lat' dir='ltr'>Porro</span> <span class='ocrx_word' id='word_1_23' title='bbox 1400 866 1480 924; x_wconf 86' lang='lat' dir='ltr'>vitae</span> <span class='ocrx_word' id='word_1_24' title='bbox 1492 862 1811 942; x_wconf 71' lang='lat' dir='ltr'>perfectionemllamri</span> 
     </span>
     <span class='ocr_line' id='line_1_4' title="bbox 399 945 1813 1030; baseline 0.005 -26"><span class='ocrx_word' id='word_1_25' title='bbox 399 962 467 1004; x_wconf 89' lang='lat' dir='ltr'>nem</span> <span class='ocrx_word' id='word_1_26' title='bbox 482 965 500 1004; x_wconf 88' lang='lat' dir='ltr'>a</span> <span class='ocrx_word' id='word_1_27' title='bbox 517 945 586 1024; x_wconf 85' lang='lat' dir='ltr'>loge</span> <span class='ocrx_word' id='word_1_28' title='bbox 603 948 758 1008; x_wconf 74' lang='lat' dir='ltr'>mumioni.</span> <span class='ocrx_word' id='word_1_29' title='bbox 1147 951 1295 1026; x_wconf 75' lang='lat' dir='ltr'>siguificat</span> <span class='ocrx_word' id='word_1_30' title='bbox 1307 952 1398 1012; x_wconf 88' lang='lat' dir='ltr'>etiam</span> <span class='ocrx_word' id='word_1_31' title='bbox 1410 970 1552 1011; x_wconf 86' lang='lat' dir='ltr'>numerus</span> <span class='ocrx_word' id='word_1_32' title='bbox 1562 969 1715 1023; x_wconf 85' lang='lat' dir='ltr'>annorum,</span> <span class='ocrx_word' id='word_1_33' title='bbox 1730 951 1813 1030; x_wconf 73' lang='lat' dir='ltr'>quibu</span> 
     </span>
     <span class='ocr_line' id='line_1_5' title="bbox 440 1031 1814 1114; baseline 0.005 -24"><span class='ocrx_word' id='word_1_34' title='bbox 440 1031 500 1091; x_wconf 83' lang='lat' dir='ltr'>His</span> <span class='ocrx_word' id='word_1_35' title='bbox 515 1031 602 1105; x_wconf 87' lang='lat' dir='ltr'>adde,</span> <span class='ocrx_word' id='word_1_36' title='bbox 617 1033 700 1111; x_wconf 80' lang='lat' dir='ltr'>qaod</span> <span class='ocrx_word' id='word_1_37' title='bbox 717 1053 773 1095; x_wconf 86' lang='lat' dir='ltr'>noe</span> <span class='ocrx_word' id='word_1_38' title='bbox 787 1034 959 1114; x_wconf 74' lang='lat' dir='ltr'>Apostolus,</span> <span class='ocrx_word' id='word_1_39' title='bbox 981 1034 1019 1095; x_wconf 87' lang='lat' dir='ltr'>ad</span> <span class='ocrx_word' id='word_1_40' title='bbox 1033 1035 1094 1095; x_wconf 84' lang='lat' dir='ltr'>Ho-</span> <span class='ocrx_word' id='word_1_41' title='bbox 1149 1037 1230 1098; x_wconf 83' lang='lat' dir='ltr'>vixit</span> <span class='ocrx_word' id='word_1_42' title='bbox 1255 1038 1334 1098; x_wconf 84' lang='lat' dir='ltr'>Nam</span> <span class='ocrx_word' id='word_1_43' title='bbox 1350 1046 1394 1097; x_wconf 89' lang='lat' dir='ltr'>tot</span> <span class='ocrx_word' id='word_1_44' title='bbox 1415 1039 1501 1097; x_wconf 89' lang='lat' dir='ltr'>annia</span> <span class='ocrx_word' id='word_1_45' title='bbox 1524 1039 1638 1099; x_wconf 85' lang='lat' dir='ltr'>vixisse</span> <span class='ocrx_word' id='word_1_46' title='bbox 1653 1046 1814 1111; x_wconf 83' lang='lat' dir='ltr'>memoratu,</span> 
     </span>
     <span class='ocr_line' id='line_1_6' title="bbox 397 1116 1815 1201; baseline 0.005 -24"><span class='ocrx_word' id='word_1_47' title='bbox 397 1116 504 1177; x_wconf 86' lang='lat' dir='ltr'>bracos</span> <span class='ocrx_word' id='word_1_48' title='bbox 521 1119 662 1192; x_wconf 85' lang='lat' dir='ltr'>scribens,</span> <span class='ocrx_word' id='word_1_49' title='bbox 686 1119 808 1193; x_wconf 82' lang='lat' dir='ltr'>diceret,</span> <span class='ocrx_word' id='word_1_50' title='bbox 823 1121 953 1183; x_wconf 87' lang='lat' dir='ltr'>Henoch</span> <span class='ocrx_word' id='word_1_51' title='bbox 969 1121 1093 1181; x_wconf 83' lang='lat' dir='ltr'>transla—</span> <span class='ocrx_word' id='word_1_52' title='bbox 1147 1134 1221 1201; x_wconf 92' lang='lat' dir='ltr'>quot</span> <span class='ocrx_word' id='word_1_53' title='bbox 1236 1125 1324 1184; x_wconf 85' lang='lat' dir='ltr'>unius</span> <span class='ocrx_word' id='word_1_54' title='bbox 1339 1125 1410 1183; x_wconf 89' lang='lat' dir='ltr'>anni</span> <span class='ocrx_word' id='word_1_55' title='bbox 1425 1132 1495 1184; x_wconf 88' lang='lat' dir='ltr'>suut</span> <span class='ocrx_word' id='word_1_56' title='bbox 1510 1123 1584 1184; x_wconf 89' lang='lat' dir='ltr'>dies.</span> <span class='ocrx_word' id='word_1_57' title='bbox 1608 1124 1715 1185; x_wconf 71' lang='lat' dir='ltr'>Annus</span> <span class='ocrx_word' id='word_1_58' title='bbox 1728 1134 1815 1195; x_wconf 80' lang='lat' dir='ltr'>autea,</span> 
     </span>
     <span class='ocr_line' id='line_1_7' title="bbox 396 1206 1817 1290; baseline 0.006 -28"><span class='ocrx_word' id='word_1_59' title='bbox 396 1213 468 1275; x_wconf 91' lang='lat' dir='ltr'>tum,</span> <span class='ocrx_word' id='word_1_60' title='bbox 481 1225 522 1265; x_wconf 83' lang='lat' dir='ltr'>ae</span> <span class='ocrx_word' id='word_1_61' title='bbox 534 1206 809 1283; x_wconf 71' lang='lat' dir='ltr'>tridentinorum,</span> <span class='ocrx_word' id='word_1_62' title='bbox 825 1210 884 1269; x_wconf 88' lang='lat' dir='ltr'>uisi</span> <span class='ocrx_word' id='word_1_63' title='bbox 896 1208 927 1268; x_wconf 93' lang='lat' dir='ltr'>id</span> <span class='ocrx_word' id='word_1_64' title='bbox 939 1208 989 1267; x_wconf 83' lang='lat' dir='ltr'>vel</span> <span class='ocrx_word' id='word_1_65' title='bbox 999 1209 1094 1268; x_wconf 87' lang='lat' dir='ltr'>sacris</span> <span class='ocrx_word' id='word_1_66' title='bbox 1148 1228 1208 1288; x_wconf 93' lang='lat' dir='ltr'>quo</span> <span class='ocrx_word' id='word_1_67' title='bbox 1224 1211 1270 1270; x_wconf 91' lang='lat' dir='ltr'>sol</span> <span class='ocrx_word' id='word_1_68' title='bbox 1288 1230 1406 1270; x_wconf 91' lang='lat' dir='ltr'>cursum</span> <span class='ocrx_word' id='word_1_69' title='bbox 1429 1229 1516 1272; x_wconf 86' lang='lat' dir='ltr'>suum</span> <span class='ocrx_word' id='word_1_70' title='bbox 1538 1213 1666 1289; x_wconf 72' lang='lat' dir='ltr'>peragit,</span> <span class='ocrx_word' id='word_1_71' title='bbox 1690 1211 1817 1290; x_wconf 78' lang='lat' dir='ltr'>perfertis·</span> 
     </span>
     <span class='ocr_line' id='line_1_8' title="bbox 397 1290 1818 1378; baseline 0.007 -29"><span class='ocrx_word' id='word_1_72' title='bbox 397 1290 488 1354; x_wconf 87' lang='lat' dir='ltr'>literis</span> <span class='ocrx_word' id='word_1_73' title='bbox 515 1291 666 1371; x_wconf 84' lang='lat' dir='ltr'>proditura</span> <span class='ocrx_word' id='word_1_74' title='bbox 694 1296 797 1367; x_wconf 62' lang='lat' dir='ltr'>sciret,</span> <span class='ocrx_word' id='word_1_75' title='bbox 824 1294 874 1354; x_wconf 88' lang='lat' dir='ltr'>vol</span> <span class='ocrx_word' id='word_1_76' title='bbox 900 1293 1008 1355; x_wconf 87' lang='lat' dir='ltr'>saltem</span> <span class='ocrx_word' id='word_1_77' title='bbox 1030 1293 1094 1354; x_wconf 90' lang='lat' dir='ltr'>Hs·</span> <span class='ocrx_word' id='word_1_78' title='bbox 1148 1297 1222 1357; x_wconf 87' lang='lat' dir='ltr'>sima</span> <span class='ocrx_word' id='word_1_79' title='bbox 1244 1300 1386 1376; x_wconf 84' lang='lat' dir='ltr'>temporis</span> <span class='ocrx_word' id='word_1_80' title='bbox 1410 1295 1579 1375; x_wconf 72' lang='lat' dir='ltr'><strong>designatio</strong></span> <span class='ocrx_word' id='word_1_81' title='bbox 1602 1305 1659 1357; x_wconf 89' lang='lat' dir='ltr'>est.</span> <span class='ocrx_word' id='word_1_82' title='bbox 1683 1297 1818 1378; x_wconf 79' lang='lat' dir='ltr'>Jamque·</span> 
     </span>
     <span class='ocr_line' id='line_1_9' title="bbox 398 1379 1819 1461; baseline 0.006 -24"><span class='ocrx_word' id='word_1_83' title='bbox 398 1379 498 1440; x_wconf 86' lang='lat' dir='ltr'>brasis</span> <span class='ocrx_word' id='word_1_84' title='bbox 507 1387 622 1458; x_wconf 89' lang='lat' dir='ltr'>patrum</span> <span class='ocrx_word' id='word_1_85' title='bbox 632 1380 792 1441; x_wconf 85' lang='lat' dir='ltr'>traditione</span> <span class='ocrx_word' id='word_1_86' title='bbox 801 1380 1093 1459; x_wconf 76' lang='lat' dir='ltr'>porsuasum3multo</span> <span class='ocrx_word' id='word_1_87' title='bbox 1147 1383 1235 1442; x_wconf 88' lang='lat' dir='ltr'>modo</span> <span class='ocrx_word' id='word_1_88' title='bbox 1252 1384 1353 1445; x_wconf 88' lang='lat' dir='ltr'>valeat</span> <span class='ocrx_word' id='word_1_89' title='bbox 1375 1382 1456 1443; x_wconf 86' lang='lat' dir='ltr'>dicta</span> <span class='ocrx_word' id='word_1_90' title='bbox 1471 1383 1627 1461; x_wconf 84' lang='lat' dir='ltr'>probatio:</span> <span class='ocrx_word' id='word_1_91' title='bbox 1651 1385 1731 1444; x_wconf 79' lang='lat' dir='ltr'>Ante</span> <span class='ocrx_word' id='word_1_92' title='bbox 1744 1392 1819 1445; x_wconf 75' lang='lat' dir='ltr'>trabs</span> 
     </span>
     <span class='ocr_line' id='line_1_10' title="bbox 396 1465 1821 1548; baseline 0.006 -24"><span class='ocrx_word' id='word_1_93' title='bbox 396 1484 496 1527; x_wconf 84' lang='lat' dir='ltr'>autem</span> <span class='ocrx_word' id='word_1_94' title='bbox 525 1465 622 1525; x_wconf 87' lang='lat' dir='ltr'>minus</span> <span class='ocrx_word' id='word_1_95' title='bbox 648 1467 781 1527; x_wconf 81' lang='lat' dir='ltr'>auribus·</span> <span class='ocrx_word' id='word_1_96' title='bbox 804 1488 908 1530; x_wconf 86' lang='lat' dir='ltr'>eorum</span> <span class='ocrx_word' id='word_1_97' title='bbox 934 1469 1093 1546; x_wconf 82' lang='lat' dir='ltr'>ingereret,</span> <span class='ocrx_word' id='word_1_98' title='bbox 1147 1469 1290 1531; x_wconf 86' lang='lat' dir='ltr'>lationem</span> <span class='ocrx_word' id='word_1_99' title='bbox 1303 1471 1369 1530; x_wconf 90' lang='lat' dir='ltr'>Deo</span> <span class='ocrx_word' id='word_1_100' title='bbox 1381 1470 1508 1548; x_wconf 83' lang='lat' dir='ltr'>placuit;</span> <span class='ocrx_word' id='word_1_101' title='bbox 1524 1490 1596 1548; x_wconf 79' lang='lat' dir='ltr'>ergo</span> <span class='ocrx_word' id='word_1_102' title='bbox 1610 1468 1667 1531; x_wconf 86' lang='lat' dir='ltr'>fide</span> <span class='ocrx_word' id='word_1_103' title='bbox 1680 1470 1821 1532; x_wconf 70' lang='lat' dir='ltr'>tremata</span> 
     </span>
     <span class='ocr_line' id='line_1_11' title="bbox 396 1552 1700 1635; baseline 0.004 -24"><span class='ocrx_word' id='word_1_104' title='bbox 396 1553 476 1631; x_wconf 93' lang='lat' dir='ltr'>quod</span> <span class='ocrx_word' id='word_1_105' title='bbox 487 1573 554 1613; x_wconf 87' lang='lat' dir='ltr'>sum</span> <span class='ocrx_word' id='word_1_106' title='bbox 564 1552 721 1631; x_wconf 73' lang='lat' dir='ltr'><strong>Scriptura</strong></span> <span class='ocrx_word' id='word_1_107' title='bbox 734 1564 891 1633; x_wconf 77' lang='lat' dir='ltr'>pugnaret.</span> <span class='ocrx_word' id='word_1_108' title='bbox 908 1553 990 1634; x_wconf 76' lang='lat' dir='ltr'>Quid</span> <span class='ocrx_word' id='word_1_109' title='bbox 1005 1574 1092 1632; x_wconf 85' lang='lat' dir='ltr'>porro</span> <span class='ocrx_word' id='word_1_110' title='bbox 1147 1567 1208 1631; x_wconf 77' lang='lat' dir='ltr'>est3</span> <span class='ocrx_word' id='word_1_111' title='bbox 1224 1557 1354 1617; x_wconf 79' lang='lat' dir='ltr'>ostendit</span> <span class='ocrx_word' id='word_1_112' title='bbox 1369 1556 1469 1616; x_wconf 85' lang='lat' dir='ltr'>verbis</span> <span class='ocrx_word' id='word_1_113' title='bbox 1483 1557 1700 1635; x_wconf 72' lang='lat' dir='ltr'>sequentibus:</span> 
     </span>
     <span class='ocr_line' id='line_1_12' title="bbox 396 1637 1822 1719; baseline 0.004 -21"><span class='ocrx_word' id='word_1_114' title='bbox 396 1637 433 1699; x_wconf 92' lang='lat' dir='ltr'>de</span> <span class='ocrx_word' id='word_1_115' title='bbox 449 1639 551 1700; x_wconf 84' lang='lat' dir='ltr'>haere</span> <span class='ocrx_word' id='word_1_116' title='bbox 564 1642 699 1703; x_wconf 78' lang='lat' dir='ltr'>matiam</span> <span class='ocrx_word' id='word_1_117' title='bbox 718 1640 883 1714; x_wconf 70' lang='lat' dir='ltr'>orthodoxi,</span> <span class='ocrx_word' id='word_1_118' title='bbox 905 1663 966 1702; x_wconf 91' lang='lat' dir='ltr'>nou</span> <span class='ocrx_word' id='word_1_119' title='bbox 982 1651 1026 1701; x_wconf 89' lang='lat' dir='ltr'>est</span> <span class='ocrx_word' id='word_1_120' title='bbox 1040 1641 1092 1701; x_wconf 91' lang='lat' dir='ltr'>ob·</span> <span class='ocrx_word' id='word_1_121' title='bbox 1191 1645 1218 1702; x_wconf 87' lang='grc'>6.</span> <span class='ocrx_word' id='word_1_122' title='bbox 1242 1645 1317 1704; x_wconf 80' lang='lat' dir='ltr'>Siue</span> <span class='ocrx_word' id='word_1_123' title='bbox 1344 1642 1407 1719; x_wconf 75' lang='lat' dir='ltr'>tide</span> <span class='ocrx_word' id='word_1_124' title='bbox 1440 1651 1545 1705; x_wconf 88' lang='lat' dir='ltr'>autem</span> <span class='ocrx_word' id='word_1_125' title='bbox 1578 1643 1767 1719; x_wconf 79' lang='lat' dir='ltr'>impossibile</span> <span class='ocrx_word' id='word_1_126' title='bbox 1789 1646 1822 1703; x_wconf 63' lang='lat' dir='ltr'>d</span> 
     </span>
     <span class='ocr_line' id='line_1_13' title="bbox 395 1726 1821 1805; baseline 0.003 -20"><span class='ocrx_word' id='word_1_127' title='bbox 395 1746 521 1787; x_wconf 82' lang='lat' dir='ltr'>scarum.</span> <span class='ocrx_word' id='word_1_128' title='bbox 552 1726 740 1805; x_wconf 74' lang='lat' dir='ltr'>Augustinus</span> <span class='ocrx_word' id='word_1_129' title='bbox 767 1727 832 1788; x_wconf 89' lang='lat' dir='ltr'>loeo</span> <span class='ocrx_word' id='word_1_130' title='bbox 857 1727 971 1787; x_wconf 90' lang='lat' dir='ltr'>dudum</span> <span class='ocrx_word' id='word_1_131' title='bbox 993 1729 1093 1801; x_wconf 86' lang='lat' dir='ltr'>citato,</span> <span class='ocrx_word' id='word_1_132' title='bbox 1142 1729 1272 1805; x_wconf 81' lang='lat' dir='ltr'>plaeere</span> <span class='ocrx_word' id='word_1_133' title='bbox 1297 1732 1375 1791; x_wconf 89' lang='lat' dir='ltr'>Deo.</span> <span class='ocrx_word' id='word_1_134' title='bbox 1405 1729 1476 1790; x_wconf 85' lang='lat' dir='ltr'>Non</span> <span class='ocrx_word' id='word_1_135' title='bbox 1500 1728 1624 1791; x_wconf 85' lang='lat' dir='ltr'>additur</span> <span class='ocrx_word' id='word_1_136' title='bbox 1647 1731 1679 1790; x_wconf 89' lang='lat' dir='ltr'>iu</span> <span class='ocrx_word' id='word_1_137' title='bbox 1701 1728 1821 1793; x_wconf 66' lang='lat' dir='ltr'>(inem</span> 
     </span>
     <span class='ocr_line' id='line_1_14' title="bbox 395 1813 1825 1896; baseline 0.006 -23"><span class='ocrx_word' id='word_1_138' title='bbox 395 1833 462 1873; x_wconf 92' lang='lat' dir='ltr'>cum</span> <span class='ocrx_word' id='word_1_139' title='bbox 478 1813 613 1884; x_wconf 83' lang='lat' dir='ltr'>dixisset,</span> <span class='ocrx_word' id='word_1_140' title='bbox 628 1813 714 1874; x_wconf 83' lang='lat' dir='ltr'>salua</span> <span class='ocrx_word' id='word_1_141' title='bbox 729 1814 788 1875; x_wconf 87' lang='lat' dir='ltr'>fide</span> <span class='ocrx_word' id='word_1_142' title='bbox 803 1818 904 1895; x_wconf 89' lang='lat' dir='ltr'>quaeri</span> <span class='ocrx_word' id='word_1_143' title='bbox 920 1834 1017 1892; x_wconf 88' lang='lat' dir='ltr'>posse,</span> <span class='ocrx_word' id='word_1_144' title='bbox 1040 1814 1092 1876; x_wconf 88' lang='lat' dir='ltr'>ubi</span> <span class='ocrx_word' id='word_1_145' title='bbox 1146 1817 1226 1891; x_wconf 83' lang='lat' dir='ltr'>Deo,</span> <span class='ocrx_word' id='word_1_146' title='bbox 1248 1815 1301 1876; x_wconf 90' lang='lat' dir='ltr'>scd</span> <span class='ocrx_word' id='word_1_147' title='bbox 1324 1815 1514 1892; x_wconf 86' lang='lat' dir='ltr'>subauditur;</span> <span class='ocrx_word' id='word_1_148' title='bbox 1536 1830 1566 1876; x_wconf 87' lang='lat' dir='ltr'>et</span> <span class='ocrx_word' id='word_1_149' title='bbox 1581 1815 1778 1896; x_wconf 87' lang='lat' dir='ltr'>supplendum</span> <span class='ocrx_word' id='word_1_150' title='bbox 1789 1832 1825 1889; x_wconf 67' lang='lat' dir='ltr'>rr,</span> 
     </span>
     <span class='ocr_line' id='line_1_15' title="bbox 395 1898 1825 1985; baseline 0.003 -25"><span class='ocrx_word' id='word_1_151' title='bbox 395 1902 437 1960; x_wconf 88' lang='lat' dir='ltr'>sit</span> <span class='ocrx_word' id='word_1_152' title='bbox 458 1920 536 1960; x_wconf 86' lang='lat' dir='ltr'>nuno</span> <span class='ocrx_word' id='word_1_153' title='bbox 551 1900 635 1961; x_wconf 85' lang='lat' dir='ltr'>Elias</span> <span class='ocrx_word' id='word_1_154' title='bbox 655 1901 704 1959; x_wconf 89' lang='lat' dir='ltr'>vel</span> <span class='ocrx_word' id='word_1_155' title='bbox 721 1902 856 1973; x_wconf 90' lang='lat' dir='ltr'>Henoeh,</span> <span class='ocrx_word' id='word_1_156' title='bbox 880 1904 922 1960; x_wconf 90' lang='lat' dir='ltr'>ita</span> <span class='ocrx_word' id='word_1_157' title='bbox 945 1902 1091 1979; x_wconf 86' lang='lat' dir='ltr'>subjecit:</span> <span class='ocrx_word' id='word_1_158' title='bbox 1146 1902 1294 1981; x_wconf 79' lang='lat' dir='ltr'>linquitur</span> <span class='ocrx_word' id='word_1_159' title='bbox 1307 1922 1349 1964; x_wconf 86' lang='lat' dir='ltr'>ex</span> <span class='ocrx_word' id='word_1_160' title='bbox 1362 1921 1407 1975; x_wconf 88' lang='lat' dir='ltr'>eo,</span> <span class='ocrx_word' id='word_1_161' title='bbox 1423 1902 1504 1982; x_wconf 91' lang='lat' dir='ltr'>qnod</span> <span class='ocrx_word' id='word_1_162' title='bbox 1519 1905 1659 1982; x_wconf 86' lang='lat' dir='ltr'>proxime</span> <span class='ocrx_word' id='word_1_163' title='bbox 1672 1898 1825 1985; x_wconf 74' lang='lat' dir='ltr'>praecediti-</span> 
     </span>
     <span class='ocr_line' id='line_1_16' title="bbox 396 1987 1820 2068; baseline 0.004 -22"><span class='ocrx_word' id='word_1_164' title='bbox 396 1989 480 2064; x_wconf 79' lang='lat' dir='ltr'>Quos</span> <span class='ocrx_word' id='word_1_165' title='bbox 494 1995 601 2046; x_wconf 82' lang='lat' dir='ltr'>tamen</span> <span class='ocrx_word' id='word_1_166' title='bbox 624 2006 692 2047; x_wconf 83' lang='lat' dir='ltr'>noa</span> <span class='ocrx_word' id='word_1_167' title='bbox 714 1989 906 2061; x_wconf 84' lang='lat' dir='ltr'>dubitamus,</span> <span class='ocrx_word' id='word_1_168' title='bbox 930 1988 1093 2064; x_wconf 75' lang='lat' dir='ltr'>inquibus</span> <span class='ocrx_word' id='word_1_169' title='bbox 1143 1990 1300 2065; x_wconf 77' lang='lat' dir='ltr'>placuisse</span> <span class='ocrx_word' id='word_1_170' title='bbox 1322 1991 1400 2051; x_wconf 89' lang='lat' dir='ltr'>Deo.</span> <span class='ocrx_word' id='word_1_171' title='bbox 1428 1990 1506 2049; x_wconf 86' lang='lat' dir='ltr'>Nam</span> <span class='ocrx_word' id='word_1_172' title='bbox 1530 1998 1562 2050; x_wconf 90' lang='lat' dir='ltr'>et</span> <span class='ocrx_word' id='word_1_173' title='bbox 1584 1991 1616 2050; x_wconf 93' lang='lat' dir='ltr'>in</span> <span class='ocrx_word' id='word_1_174' title='bbox 1637 1991 1753 2051; x_wconf 84' lang='lat' dir='ltr'>Latinis</span> <span class='ocrx_word' id='word_1_175' title='bbox 1770 1987 1820 2068; x_wconf 66' lang='lat' dir='ltr'>qd·</span> 
     </span>
     <span class='ocr_line' id='line_1_17' title="bbox 396 2073 1819 2158; baseline 0.003 -25"><span class='ocrx_word' id='word_1_176' title='bbox 396 2076 466 2134; x_wconf 85' lang='lat' dir='ltr'>uati</span> <span class='ocrx_word' id='word_1_177' title='bbox 491 2081 580 2150; x_wconf 82' lang='lat' dir='ltr'>suat,</span> <span class='ocrx_word' id='word_1_178' title='bbox 608 2075 793 2150; x_wconf 78' lang='lat' dir='ltr'>corporibus</span> <span class='ocrx_word' id='word_1_179' title='bbox 820 2078 933 2137; x_wconf 85' lang='lat' dir='ltr'>uicere.</span> <span class='ocrx_word' id='word_1_180' title='bbox 956 2073 1092 2135; x_wconf 81' lang='lat' dir='ltr'>Eandem</span> <span class='ocrx_word' id='word_1_181' title='bbox 1146 2076 1272 2136; x_wconf 85' lang='lat' dir='ltr'>busdam</span> <span class='ocrx_word' id='word_1_182' title='bbox 1286 2075 1512 2158; x_wconf 87' lang='lat' dir='ltr'>probataefidei</span> <span class='ocrx_word' id='word_1_183' title='bbox 1527 2074 1681 2137; x_wconf 89' lang='lat' dir='ltr'>codicibus</span> <span class='ocrx_word' id='word_1_184' title='bbox 1698 2097 1755 2137; x_wconf 90' lang='lat' dir='ltr'>non</span> <span class='ocrx_word' id='word_1_185' title='bbox 1768 2074 1819 2154; x_wconf 62' lang='lat' dir='ltr'>lqi·</span> 
     </span>
     <span class='ocr_line' id='line_1_18' title="bbox 313 2160 1818 2243; baseline 0.001 -20"><span class='ocrx_word' id='word_1_186' title='bbox 313 2208 320 2223; x_wconf 79' lang='lat'>.</span> <span class='ocrx_word' id='word_1_187' title='bbox 395 2160 578 2222; x_wconf 83' lang='lat' dir='ltr'>Graecorum</span> <span class='ocrx_word' id='word_1_188' title='bbox 602 2162 796 2240; x_wconf 89' lang='lat' dir='ltr'>interpretum</span> <span class='ocrx_word' id='word_1_189' title='bbox 819 2162 1000 2223; x_wconf 88' lang='lat' dir='ltr'>sententiam</span> <span class='ocrx_word' id='word_1_190' title='bbox 1016 2181 1091 2235; x_wconf 89' lang='lat' dir='ltr'>esse,</span> <span class='ocrx_word' id='word_1_191' title='bbox 1146 2171 1211 2239; x_wconf 74' lang='lat' dir='ltr'>tur3</span> <span class='ocrx_word' id='word_1_192' title='bbox 1227 2164 1284 2224; x_wconf 89' lang='lat' dir='ltr'>etsi</span> <span class='ocrx_word' id='word_1_193' title='bbox 1298 2162 1394 2243; x_wconf 86' lang='lat' dir='ltr'>Syrus</span> <span class='ocrx_word' id='word_1_194' title='bbox 1408 2160 1568 2235; x_wconf 70' lang='lat' dir='ltr'>addiderit,</span> <span class='ocrx_word' id='word_1_195' title='bbox 1583 2183 1667 2224; x_wconf 86' lang='lat' dir='ltr'>more</span> <span class='ocrx_word' id='word_1_196' title='bbox 1682 2183 1737 2224; x_wconf 91' lang='lat' dir='ltr'>suo</span> <span class='ocrx_word' id='word_1_197' title='bbox 1750 2180 1818 2242; x_wconf 74' lang='lat' dir='ltr'>pars:</span> 
     </span>
     <span class='ocr_line' id='line_1_19' title="bbox 384 2247 1820 2329; baseline 0 -21"><span class='ocrx_word' id='word_1_198' title='bbox 384 2249 454 2327; x_wconf 83' lang='lat' dir='ltr'>&#39;jam</span> <span class='ocrx_word' id='word_1_199' title='bbox 478 2268 569 2328; x_wconf 86' lang='lat' dir='ltr'>supra</span> <span class='ocrx_word' id='word_1_200' title='bbox 592 2247 775 2309; x_wconf 86' lang='lat' dir='ltr'>audivimus.</span> <span class='ocrx_word' id='word_1_201' title='bbox 809 2249 904 2329; x_wconf 77' lang='lat' dir='ltr'>Quies,</span> <span class='ocrx_word' id='word_1_202' title='bbox 919 2247 1040 2329; x_wconf 90' lang='lat' dir='ltr'>quidem</span> <span class='ocrx_word' id='word_1_203' title='bbox 1062 2257 1092 2308; x_wconf 92' lang='lat' dir='ltr'>et</span> <span class='ocrx_word' id='word_1_204' title='bbox 1146 2248 1294 2329; x_wconf 79' lang='lat' dir='ltr'>pbrsstsm</span> <span class='ocrx_word' id='word_1_205' title='bbox 1320 2268 1417 2329; x_wconf 74' lang='lat' dir='ltr'>agens</span> <span class='ocrx_word' id='word_1_206' title='bbox 1446 2248 1608 2310; x_wconf 86' lang='lat' dir='ltr'>interdum.</span> <span class='ocrx_word' id='word_1_207' title='bbox 1641 2250 1741 2313; x_wconf 80' lang='lat' dir='ltr'>Sumit</span> <span class='ocrx_word' id='word_1_208' title='bbox 1762 2249 1820 2309; x_wconf 71' lang='lat' dir='ltr'>lis!</span> 
     </span>
     <span class='ocr_line' id='line_1_20' title="bbox 393 2333 1819 2415; baseline -0.001 -18"><span class='ocrx_word' id='word_1_209' title='bbox 393 2335 432 2397; x_wconf 87' lang='lat' dir='ltr'>ab</span> <span class='ocrx_word' id='word_1_210' title='bbox 448 2334 514 2395; x_wconf 91' lang='lat' dir='ltr'>aliis</span> <span class='ocrx_word' id='word_1_211' title='bbox 537 2334 749 2396; x_wconf 84' lang='lat' dir='ltr'>ecelesiasticis</span> <span class='ocrx_word' id='word_1_212' title='bbox 770 2337 966 2415; x_wconf 78' lang='lat' dir='ltr'>scriptoribus</span> <span class='ocrx_word' id='word_1_213' title='bbox 981 2355 1090 2414; x_wconf 85' lang='lat' dir='ltr'>magno</span> <span class='ocrx_word' id='word_1_214' title='bbox 1145 2338 1321 2397; x_wconf 86' lang='lat' dir='ltr'>sententiam</span> <span class='ocrx_word' id='word_1_215' title='bbox 1345 2335 1517 2415; x_wconf 83' lang='lat' dir='ltr'>Apostolus,</span> <span class='ocrx_word' id='word_1_216' title='bbox 1540 2358 1602 2398; x_wconf 89' lang='lat' dir='ltr'>nou</span> <span class='ocrx_word' id='word_1_217' title='bbox 1623 2337 1722 2399; x_wconf 90' lang='lat' dir='ltr'>solum</span> <span class='ocrx_word' id='word_1_218' title='bbox 1743 2333 1819 2395; x_wconf 64' lang='lat' dir='ltr'>urta</span> 
     </span>
     <span class='ocr_line' id='line_1_21' title="bbox 394 2421 1819 2502; baseline -0.001 -20"><span class='ocrx_word' id='word_1_219' title='bbox 394 2441 542 2483; x_wconf 87' lang='lat' dir='ltr'>consensu</span> <span class='ocrx_word' id='word_1_220' title='bbox 569 2422 714 2495; x_wconf 87' lang='lat' dir='ltr'>traditur,</span> <span class='ocrx_word' id='word_1_221' title='bbox 742 2443 818 2502; x_wconf 86' lang='lat' dir='ltr'>qnos</span> <span class='ocrx_word' id='word_1_222' title='bbox 846 2442 948 2481; x_wconf 89' lang='lat' dir='ltr'>omues</span> <span class='ocrx_word' id='word_1_223' title='bbox 975 2422 1033 2481; x_wconf 92' lang='lat' dir='ltr'>huc</span> <span class='ocrx_word' id='word_1_224' title='bbox 1059 2423 1091 2485; x_wconf 86' lang='lat' dir='ltr'>iu</span> <span class='ocrx_word' id='word_1_225' title='bbox 1145 2431 1296 2495; x_wconf 84' lang='lat' dir='ltr'>monstret,</span> <span class='ocrx_word' id='word_1_226' title='bbox 1319 2422 1448 2484; x_wconf 90' lang='lat' dir='ltr'>Henocb</span> <span class='ocrx_word' id='word_1_227' title='bbox 1462 2421 1554 2483; x_wconf 84' lang='lat' dir='ltr'>tidem</span> <span class='ocrx_word' id='word_1_228' title='bbox 1569 2422 1722 2496; x_wconf 83' lang='lat' dir='ltr'>babuisse,</span> <span class='ocrx_word' id='word_1_229' title='bbox 1743 2437 1819 2491; x_wconf 70' lang='lat' dir='ltr'>exta</span> 
     </span>
     <span class='ocr_line' id='line_1_22' title="bbox 393 2505 1825 2589; baseline 0.003 -21"><span class='ocrx_word' id='word_1_230' title='bbox 393 2507 525 2568; x_wconf 89' lang='lat' dir='ltr'>medium</span> <span class='ocrx_word' id='word_1_231' title='bbox 542 2508 684 2588; x_wconf 76' lang='lat' dir='ltr'>proferre,</span> <span class='ocrx_word' id='word_1_232' title='bbox 709 2511 914 2570; x_wconf 88' lang='lat' dir='ltr'>commentarii</span> <span class='ocrx_word' id='word_1_233' title='bbox 937 2510 1012 2568; x_wconf 88' lang='lat' dir='ltr'>ratio</span> <span class='ocrx_word' id='word_1_234' title='bbox 1030 2528 1091 2569; x_wconf 80' lang='lat' dir='ltr'>non</span> <span class='ocrx_word' id='word_1_235' title='bbox 1146 2511 1216 2589; x_wconf 91' lang='lat' dir='ltr'>quia</span> <span class='ocrx_word' id='word_1_236' title='bbox 1243 2509 1311 2570; x_wconf 89' lang='lat' dir='ltr'>Deo</span> <span class='ocrx_word' id='word_1_237' title='bbox 1335 2510 1466 2589; x_wconf 80' lang='lat' dir='ltr'>placuit3</span> <span class='ocrx_word' id='word_1_238' title='bbox 1492 2508 1545 2570; x_wconf 90' lang='lat' dir='ltr'>sed</span> <span class='ocrx_word' id='word_1_239' title='bbox 1569 2511 1661 2570; x_wconf 87' lang='lat' dir='ltr'>etiam</span> <span class='ocrx_word' id='word_1_240' title='bbox 1683 2517 1717 2569; x_wconf 89' lang='lat' dir='ltr'>ut</span> <span class='ocrx_word' id='word_1_241' title='bbox 1736 2505 1825 2588; x_wconf 55' lang='lat' dir='ltr'>preld·</span> 
     </span>
     <span class='ocr_line' id='line_1_23' title="bbox 393 2590 1817 2676; baseline 0.003 -21"><span class='ocrx_word' id='word_1_242' title='bbox 393 2598 547 2675; x_wconf 84' lang='lat' dir='ltr'>permittit</span> <span class='ocrx_word' id='word_1_243' title='bbox 571 2593 704 2657; x_wconf 81' lang='lat' dir='ltr'>Consule</span> <span class='ocrx_word' id='word_1_244' title='bbox 719 2604 832 2669; x_wconf 87' lang='lat' dir='ltr'>nostra,</span> <span class='ocrx_word' id='word_1_245' title='bbox 848 2598 874 2656; x_wconf 90' lang='lat' dir='ltr'>si</span> <span class='ocrx_word' id='word_1_246' title='bbox 889 2595 998 2674; x_wconf 87' lang='lat' dir='ltr'>placet,</span> <span class='ocrx_word' id='word_1_247' title='bbox 1014 2596 1045 2653; x_wconf 90' lang='lat' dir='ltr'>in</span> <span class='ocrx_word' id='word_1_248' title='bbox 1060 2596 1089 2654; x_wconf 82' lang='grc'>4.</span> <span class='ocrx_word' id='word_1_249' title='bbox 1145 2598 1405 2676; x_wconf 88' lang='lat' dir='ltr'>consequentiam,</span> <span class='ocrx_word' id='word_1_250' title='bbox 1433 2616 1524 2676; x_wconf 87' lang='lat' dir='ltr'>quam</span> <span class='ocrx_word' id='word_1_251' title='bbox 1551 2596 1644 2676; x_wconf 90' lang='lat' dir='ltr'>paulo</span> <span class='ocrx_word' id='word_1_252' title='bbox 1667 2605 1735 2659; x_wconf 83' lang='lat' dir='ltr'>acts</span> <span class='ocrx_word' id='word_1_253' title='bbox 1755 2590 1817 2659; x_wconf 80' lang='lat' dir='ltr'>dixit</span> 
     </span>
     <span class='ocr_line' id='line_1_24' title="bbox 394 2681 1824 2753; baseline 0.001 -12"><span class='ocrx_word' id='word_1_254' title='bbox 394 2681 462 2742; x_wconf 79' lang='lat' dir='ltr'>disc</span> <span class='ocrx_word' id='word_1_255' title='bbox 478 2684 529 2742; x_wconf 79' lang='lat'>47.</span> <span class='ocrx_word' id='word_1_256' title='bbox 1147 2683 1265 2742; x_wconf 85' lang='lat' dir='ltr'>Placuit</span> <span class='ocrx_word' id='word_1_257' title='bbox 1280 2683 1346 2743; x_wconf 88' lang='lat' dir='ltr'>Deo</span> <span class='ocrx_word' id='word_1_258' title='bbox 1362 2683 1489 2743; x_wconf 89' lang='lat' dir='ltr'>Houocb</span> <span class='ocrx_word' id='word_1_259' title='bbox 1513 2691 1583 2743; x_wconf 83' lang='lat' dir='ltr'>ante</span> <span class='ocrx_word' id='word_1_260' title='bbox 1599 2683 1824 2753; x_wconf 59' lang='lat' dir='ltr'>translatiuum·</span> 
     </span>
     <span class='ocr_line' id='line_1_25' title="bbox 437 2756 1825 2848; baseline 0.001 -19"><span class='ocrx_word' id='word_1_261' title='bbox 437 2772 520 2829; x_wconf 83' lang='lat' dir='ltr'>Aate</span> <span class='ocrx_word' id='word_1_262' title='bbox 551 2771 795 2830; x_wconf 71' lang='lat' dir='ltr'>translationem</span> <span class='ocrx_word' id='word_1_263' title='bbox 828 2771 912 2828; x_wconf 83' lang='lat' dir='ltr'>enim</span> <span class='ocrx_word' id='word_1_264' title='bbox 951 2770 1090 2828; x_wconf 85' lang='lat' dir='ltr'>testimo·</span> <span class='ocrx_word' id='word_1_265' title='bbox 1145 2789 1216 2848; x_wconf 80' lang='lat' dir='ltr'>ergo</span> <span class='ocrx_word' id='word_1_266' title='bbox 1239 2768 1297 2829; x_wconf 89' lang='lat' dir='ltr'>lide</span> <span class='ocrx_word' id='word_1_267' title='bbox 1320 2770 1484 2830; x_wconf 85' lang='lat' dir='ltr'>translatus</span> <span class='ocrx_word' id='word_1_268' title='bbox 1500 2778 1554 2829; x_wconf 81' lang='lat' dir='ltr'>est</span> <span class='ocrx_word' id='word_1_269' title='bbox 1582 2769 1675 2830; x_wconf 86' lang='lat' dir='ltr'>Valet</span> <span class='ocrx_word' id='word_1_270' title='bbox 1689 2778 1777 2830; x_wconf 85' lang='lat' dir='ltr'>autera</span> <span class='ocrx_word' id='word_1_271' title='bbox 1787 2756 1825 2835; x_wconf 62' lang='lat' dir='ltr'>dl</span> 
     </span>
     <span class='ocr_line' id='line_1_26' title="bbox 393 2854 1825 2940; baseline -0.003 -25"><span class='ocrx_word' id='word_1_272' title='bbox 393 2857 484 2922; x_wconf 77' lang='lat' dir='ltr'>ciam</span> <span class='ocrx_word' id='word_1_273' title='bbox 510 2857 639 2932; x_wconf 63' lang='lat' dir='ltr'>issimi,</span> <span class='ocrx_word' id='word_1_274' title='bbox 669 2857 825 2932; x_wconf 73' lang='lat' dir='ltr'>placuisse</span> <span class='ocrx_word' id='word_1_275' title='bbox 853 2859 929 2917; x_wconf 83' lang='lat' dir='ltr'>Deo.</span> <span class='ocrx_word' id='word_1_276' title='bbox 969 2854 1090 2929; x_wconf 87' lang='lat' dir='ltr'>Probet,</span> <span class='ocrx_word' id='word_1_277' title='bbox 1145 2857 1211 2934; x_wconf 87' lang='lat' dir='ltr'>ejus</span> <span class='ocrx_word' id='word_1_278' title='bbox 1241 2857 1462 2936; x_wconf 79' lang='lat' dir='ltr'>probationem,</span> <span class='ocrx_word' id='word_1_279' title='bbox 1493 2858 1581 2937; x_wconf 86' lang='lat' dir='ltr'>quia,</span> <span class='ocrx_word' id='word_1_280' title='bbox 1610 2856 1694 2940; x_wconf 91' lang='lat' dir='ltr'>quod</span> <span class='ocrx_word' id='word_1_281' title='bbox 1718 2855 1825 2936; x_wconf 69' lang='lat' dir='ltr'>dicitur}</span> 
     </span>
     <span class='ocr_line' id='line_1_27' title="bbox 392 2935 1825 3024; baseline 0 -22"><span class='ocrx_word' id='word_1_282' title='bbox 392 2943 519 3004; x_wconf 88' lang='lat' dir='ltr'>Heuocb</span> <span class='ocrx_word' id='word_1_283' title='bbox 536 2947 639 3004; x_wconf 88' lang='lat' dir='ltr'>merito</span> <span class='ocrx_word' id='word_1_284' title='bbox 655 2943 724 3004; x_wconf 81' lang='lat' dir='ltr'>fidei</span> <span class='ocrx_word' id='word_1_285' title='bbox 741 2943 916 3004; x_wconf 86' lang='lat' dir='ltr'>translatum</span> <span class='ocrx_word' id='word_1_286' title='bbox 934 2944 1034 3012; x_wconf 76' lang='lat' dir='ltr'>irrisae,</span> <span class='ocrx_word' id='word_1_287' title='bbox 1051 2963 1091 3002; x_wconf 89' lang='lat' dir='ltr'>ne</span> <span class='ocrx_word' id='word_1_288' title='bbox 1143 2948 1210 3004; x_wconf 69' lang='lat' dir='ltr'>aas</span> <span class='ocrx_word' id='word_1_289' title='bbox 1235 2944 1313 3019; x_wconf 74' lang='lat' dir='ltr'>lide,</span> <span class='ocrx_word' id='word_1_290' title='bbox 1344 2946 1386 3003; x_wconf 89' lang='lat' dir='ltr'>sic</span> <span class='ocrx_word' id='word_1_291' title='bbox 1411 2943 1639 3024; x_wconf 86' lang='lat' dir='ltr'>exponendum:</span> <span class='ocrx_word' id='word_1_292' title='bbox 1675 2944 1746 3004; x_wconf 87' lang='lat' dir='ltr'>Sine</span> <span class='ocrx_word' id='word_1_293' title='bbox 1765 2935 1825 3012; x_wconf 78' lang='lat' dir='ltr'>ital</span> 
     </span>
     <span class='ocr_line' id='line_1_28' title="bbox 393 3005 1825 3110; baseline -0.003 -19"><span class='ocrx_word' id='word_1_294' title='bbox 393 3040 519 3091; x_wconf 84' lang='lat' dir='ltr'>mortem</span> <span class='ocrx_word' id='word_1_295' title='bbox 545 3030 678 3103; x_wconf 85' lang='lat' dir='ltr'>videret,</span> <span class='ocrx_word' id='word_1_296' title='bbox 709 3033 779 3110; x_wconf 86' lang='lat' dir='ltr'>quis</span> <span class='ocrx_word' id='word_1_297' title='bbox 809 3030 846 3090; x_wconf 90' lang='lat' dir='ltr'>de</span> <span class='ocrx_word' id='word_1_298' title='bbox 872 3049 907 3089; x_wconf 91' lang='lat' dir='ltr'>eo</span> <span class='ocrx_word' id='word_1_299' title='bbox 935 3031 1090 3107; x_wconf 75' lang='lat' dir='ltr'>Scriptura</span> <span class='ocrx_word' id='word_1_300' title='bbox 1145 3031 1231 3091; x_wconf 84' lang='lat' dir='ltr'>velut</span> <span class='ocrx_word' id='word_1_301' title='bbox 1259 3029 1454 3090; x_wconf 81' lang='lat' dir='ltr'>fundamento</span> <span class='ocrx_word' id='word_1_302' title='bbox 1483 3032 1577 3090; x_wconf 89' lang='lat' dir='ltr'>totius</span> <span class='ocrx_word' id='word_1_303' title='bbox 1599 3031 1748 3110; x_wconf 85' lang='lat' dir='ltr'>justitiae,</span> <span class='ocrx_word' id='word_1_304' title='bbox 1772 3005 1825 3108; x_wconf 67' lang='lat' dir='ltr'>qul</span> 
     </span>
     <span class='ocr_line' id='line_1_29' title="bbox 394 3109 1825 3197; baseline 0 -20"><span class='ocrx_word' id='word_1_305' title='bbox 394 3126 534 3189; x_wconf 82' lang='lat' dir='ltr'>testatur,</span> <span class='ocrx_word' id='word_1_306' title='bbox 556 3118 640 3194; x_wconf 87' lang='lat' dir='ltr'>quod</span> <span class='ocrx_word' id='word_1_307' title='bbox 663 3127 735 3178; x_wconf 88' lang='lat' dir='ltr'>ante</span> <span class='ocrx_word' id='word_1_308' title='bbox 757 3118 982 3177; x_wconf 83' lang='lat' dir='ltr'>translationem</span> <span class='ocrx_word' id='word_1_309' title='bbox 1005 3136 1090 3176; x_wconf 90' lang='lat' dir='ltr'>suam</span> <span class='ocrx_word' id='word_1_310' title='bbox 1144 3118 1210 3177; x_wconf 87' lang='lat' dir='ltr'>Deo</span> <span class='ocrx_word' id='word_1_311' title='bbox 1233 3116 1386 3196; x_wconf 87' lang='lat' dir='ltr'>placetur;</span> <span class='ocrx_word' id='word_1_312' title='bbox 1410 3120 1452 3177; x_wconf 87' lang='lat' dir='ltr'>ita</span> <span class='ocrx_word' id='word_1_313' title='bbox 1473 3126 1506 3177; x_wconf 88' lang='lat' dir='ltr'>ut</span> <span class='ocrx_word' id='word_1_314' title='bbox 1529 3118 1560 3176; x_wconf 87' lang='lat' dir='ltr'>in</span> <span class='ocrx_word' id='word_1_315' title='bbox 1584 3119 1663 3180; x_wconf 88' lang='lat' dir='ltr'>omui</span> <span class='ocrx_word' id='word_1_316' title='bbox 1689 3134 1771 3197; x_wconf 83' lang='lat' dir='ltr'>opert</span> <span class='ocrx_word' id='word_1_317' title='bbox 1780 3109 1825 3194; x_wconf 65' lang='lat' dir='ltr'>J&#39;tjl</span> 
     </span>
     <span class='ocr_line' id='line_1_30' title="bbox 393 3203 1825 3285; baseline 0.003 -20"><span class='ocrx_word' id='word_1_318' title='bbox 393 3205 461 3265; x_wconf 87' lang='lat' dir='ltr'>Deo</span> <span class='ocrx_word' id='word_1_319' title='bbox 476 3205 600 3285; x_wconf 76' lang='lat' dir='ltr'>placuit.</span> <span class='ocrx_word' id='word_1_320' title='bbox 623 3206 720 3285; x_wconf 80' lang='lat' dir='ltr'>Igitur</span> <span class='ocrx_word' id='word_1_321' title='bbox 742 3203 833 3264; x_wconf 82' lang='lat' dir='ltr'>illud:</span> <span class='ocrx_word' id='word_1_322' title='bbox 856 3212 930 3264; x_wconf 83' lang='lat' dir='ltr'>ante</span> <span class='ocrx_word' id='word_1_323' title='bbox 945 3204 1090 3264; x_wconf 81' lang='lat' dir='ltr'>transla·</span> <span class='ocrx_word' id='word_1_324' title='bbox 1144 3206 1243 3264; x_wconf 87' lang='lat' dir='ltr'>stitiae</span> <span class='ocrx_word' id='word_1_325' title='bbox 1255 3206 1391 3264; x_wconf 88' lang='lat' dir='ltr'>meritum</span> <span class='ocrx_word' id='word_1_326' title='bbox 1403 3204 1474 3265; x_wconf 83' lang='lat' dir='ltr'>fidei</span> <span class='ocrx_word' id='word_1_327' title='bbox 1488 3203 1825 3282; x_wconf 67' lang='lat' dir='ltr'>inctnscnintatiirstur</span> 
     </span>
     <span class='ocr_line' id='line_1_31' title="bbox 394 3277 1825 3372; baseline 0.001 -20"><span class='ocrx_word' id='word_1_328' title='bbox 394 3295 523 3367; x_wconf 77' lang='lat' dir='ltr'>tionem,</span> <span class='ocrx_word' id='word_1_329' title='bbox 548 3313 608 3352; x_wconf 90' lang='lat' dir='ltr'>non</span> <span class='ocrx_word' id='word_1_330' title='bbox 624 3302 670 3352; x_wconf 89' lang='lat' dir='ltr'>est</span> <span class='ocrx_word' id='word_1_331' title='bbox 686 3291 883 3352; x_wconf 88' lang='lat' dir='ltr'>ordinandum</span> <span class='ocrx_word' id='word_1_332' title='bbox 907 3312 972 3350; x_wconf 90' lang='lat' dir='ltr'>curn</span> <span class='ocrx_word' id='word_1_333' title='bbox 987 3293 1088 3371; x_wconf 84' lang='lat' dir='ltr'>proxi·</span> <span class='ocrx_word' id='word_1_334' title='bbox 1143 3296 1258 3354; x_wconf 87' lang='lat' dir='ltr'>Justus</span> <span class='ocrx_word' id='word_1_335' title='bbox 1283 3293 1368 3350; x_wconf 84' lang='lat' dir='ltr'>caim</span> <span class='ocrx_word' id='word_1_336' title='bbox 1395 3310 1433 3352; x_wconf 80' lang='lat' dir='ltr'>ec</span> <span class='ocrx_word' id='word_1_337' title='bbox 1455 3292 1518 3367; x_wconf 70' lang='lat' dir='ltr'>pide</span> <span class='ocrx_word' id='word_1_338' title='bbox 1544 3295 1636 3352; x_wconf 85' lang='lat' dir='ltr'>vicit.</span> <span class='ocrx_word' id='word_1_339' title='bbox 1670 3291 1777 3372; x_wconf 79' lang='lat' dir='ltr'>Quare,</span> <span class='ocrx_word' id='word_1_340' title='bbox 1794 3277 1825 3354; x_wconf 64' lang='lat' dir='ltr'>dl</span> 
     </span>
     <span class='ocr_line' id='line_1_32' title="bbox 394 3375 1825 3460; baseline -0.006 -20"><span class='ocrx_word' id='word_1_341' title='bbox 394 3381 487 3441; x_wconf 89' lang='lat' dir='ltr'>miore</span> <span class='ocrx_word' id='word_1_342' title='bbox 513 3388 614 3458; x_wconf 82' lang='lat' dir='ltr'>parte:</span> <span class='ocrx_word' id='word_1_343' title='bbox 638 3381 852 3440; x_wconf 79' lang='lat' dir='ltr'>testimouium</span> <span class='ocrx_word' id='word_1_344' title='bbox 879 3379 1007 3451; x_wconf 78' lang='lat' dir='ltr'>babuit,</span> <span class='ocrx_word' id='word_1_345' title='bbox 1035 3375 1088 3438; x_wconf 90' lang='lat' dir='ltr'>sed</span> <span class='ocrx_word' id='word_1_346' title='bbox 1144 3378 1302 3438; x_wconf 86' lang='lat' dir='ltr'>translatus</span> <span class='ocrx_word' id='word_1_347' title='bbox 1318 3378 1512 3448; x_wconf 88' lang='lat' dir='ltr'>estHeuoch,</span> <span class='ocrx_word' id='word_1_348' title='bbox 1529 3380 1604 3457; x_wconf 91' lang='lat' dir='ltr'>quia</span> <span class='ocrx_word' id='word_1_349' title='bbox 1616 3375 1825 3460; x_wconf 56' lang='lat' dir='ltr'>justusersldr</span> 
     </span>
     <span class='ocr_line' id='line_1_33' title="bbox 393 3460 1825 3544; baseline 0 -17"><span class='ocrx_word' id='word_1_350' title='bbox 393 3486 460 3527; x_wconf 90' lang='lat' dir='ltr'>cum</span> <span class='ocrx_word' id='word_1_351' title='bbox 484 3468 652 3527; x_wconf 85' lang='lat' dir='ltr'>remotiori:</span> <span class='ocrx_word' id='word_1_352' title='bbox 677 3467 835 3541; x_wconf 81' lang='lat' dir='ltr'>placuisse</span> <span class='ocrx_word' id='word_1_353' title='bbox 863 3468 938 3526; x_wconf 88' lang='lat' dir='ltr'>Deo.</span> <span class='ocrx_word' id='word_1_354' title='bbox 973 3466 1090 3524; x_wconf 89' lang='lat' dir='ltr'>Rursus</span> <span class='ocrx_word' id='word_1_355' title='bbox 1144 3465 1210 3525; x_wconf 93' lang='lat' dir='ltr'>Deo</span> <span class='ocrx_word' id='word_1_356' title='bbox 1234 3464 1357 3544; x_wconf 90' lang='lat' dir='ltr'>placens</span> <span class='ocrx_word' id='word_1_357' title='bbox 1380 3460 1450 3539; x_wconf 89' lang='lat' dir='ltr'>(hoc</span> <span class='ocrx_word' id='word_1_358' title='bbox 1473 3465 1551 3525; x_wconf 89' lang='lat' dir='ltr'>enim</span> <span class='ocrx_word' id='word_1_359' title='bbox 1568 3467 1665 3526; x_wconf 88' lang='lat' dir='ltr'>innuit</span> <span class='ocrx_word' id='word_1_360' title='bbox 1680 3465 1825 3543; x_wconf 62' lang='lat' dir='ltr'>Scriptum*</span> 
     </span>
     <span class='ocr_line' id='line_1_34' title="bbox 392 3545 1825 3631; baseline -0.003 -17"><span class='ocrx_word' id='word_1_361' title='bbox 392 3553 443 3614; x_wconf 90' lang='lat' dir='ltr'>bic</span> <span class='ocrx_word' id='word_1_362' title='bbox 463 3554 601 3625; x_wconf 85' lang='lat' dir='ltr'>observa,</span> <span class='ocrx_word' id='word_1_363' title='bbox 627 3553 755 3613; x_wconf 91' lang='lat' dir='ltr'>Paulum</span> <span class='ocrx_word' id='word_1_364' title='bbox 779 3554 928 3631; x_wconf 82' lang='lat' dir='ltr'>respicere</span> <span class='ocrx_word' id='word_1_365' title='bbox 948 3551 988 3610; x_wconf 89' lang='lat' dir='ltr'>ad</span> <span class='ocrx_word' id='word_1_366' title='bbox 1009 3552 1089 3611; x_wconf 89' lang='lat' dir='ltr'>Scri·</span> <span class='ocrx_word' id='word_1_367' title='bbox 1144 3572 1223 3631; x_wconf 90' lang='lat' dir='ltr'>quae</span> <span class='ocrx_word' id='word_1_368' title='bbox 1249 3561 1393 3623; x_wconf 88' lang='lat' dir='ltr'>testatur,</span> <span class='ocrx_word' id='word_1_369' title='bbox 1423 3571 1492 3612; x_wconf 89' lang='lat' dir='ltr'>eum</span> <span class='ocrx_word' id='word_1_370' title='bbox 1517 3560 1588 3612; x_wconf 88' lang='lat' dir='ltr'>ante</span> <span class='ocrx_word' id='word_1_371' title='bbox 1615 3545 1825 3620; x_wconf 59' lang='lat' dir='ltr'>translation-l</span> 
     </span>
     <span class='ocr_line' id='line_1_35' title="bbox 393 3627 1825 3740; baseline -0.001 -42"><span class='ocrx_word' id='word_1_372' title='bbox 393 3649 522 3719; x_wconf 84' lang='lat' dir='ltr'>pteram,</span> <span class='ocrx_word' id='word_1_373' title='bbox 538 3650 626 3719; x_wconf 88' lang='lat' dir='ltr'>prout</span> <span class='ocrx_word' id='word_1_374' title='bbox 642 3639 770 3700; x_wconf 89' lang='lat' dir='ltr'>habetur</span> <span class='ocrx_word' id='word_1_375' title='bbox 786 3638 867 3717; x_wconf 90' lang='lat' dir='ltr'>apud</span> <span class='ocrx_word' id='word_1_376' title='bbox 883 3638 983 3697; x_wconf 90' lang='lat' dir='ltr'>LXX.</span> <span class='ocrx_word' id='word_1_377' title='bbox 1012 3638 1089 3696; x_wconf 85' lang='lat' dir='ltr'>Nam</span> <span class='ocrx_word' id='word_1_378' title='bbox 1145 3638 1296 3717; x_wconf 85' lang='lat' dir='ltr'>placuisse</span> <span class='ocrx_word' id='word_1_379' title='bbox 1312 3635 1400 3713; x_wconf 85' lang='lat' dir='ltr'>Deo),</span> <span class='ocrx_word' id='word_1_380' title='bbox 1422 3640 1512 3716; x_wconf 83' lang='lat' dir='ltr'>igitur</span> <span class='ocrx_word' id='word_1_381' title='bbox 1531 3627 1825 3740; x_wconf 51' lang='lat' dir='ltr'>manslsmsestihp</span> 
     </span>
     <span class='ocr_line' id='line_1_36' title="bbox 393 3715 1825 3804; baseline 0 -16"><span class='ocrx_word' id='word_1_382' title='bbox 393 3726 468 3788; x_wconf 83' lang='lat' dir='ltr'>Gerr.</span> <span class='ocrx_word' id='word_1_383' title='bbox 485 3729 524 3796; x_wconf 84' lang='lat' dir='ltr'>b.,</span> <span class='ocrx_word' id='word_1_384' title='bbox 541 3729 591 3788; x_wconf 91' lang='lat' dir='ltr'>ubi</span> <span class='ocrx_word' id='word_1_385' title='bbox 608 3746 715 3787; x_wconf 84' lang='lat' dir='ltr'>uosex</span> <span class='ocrx_word' id='word_1_386' title='bbox 730 3725 872 3787; x_wconf 84' lang='lat' dir='ltr'>Hebraeo</span> <span class='ocrx_word' id='word_1_387' title='bbox 888 3723 1028 3800; x_wconf 79' lang='lat' dir='ltr'>legimus:</span> <span class='ocrx_word' id='word_1_388' title='bbox 1046 3726 1090 3786; x_wconf 85' lang='lat' dir='ltr'>Et</span> <span class='ocrx_word' id='word_1_389' title='bbox 1143 3725 1242 3795; x_wconf 90' lang='lat' dir='ltr'>idest,</span> <span class='ocrx_word' id='word_1_390' title='bbox 1259 3724 1623 3804; x_wconf 84' lang='lat' dir='ltr'>proptermeritumtidei.</span> <span class='ocrx_word' id='word_1_391' title='bbox 1646 3715 1825 3788; x_wconf 72' lang='lat' dir='ltr'>nunciante</span> 
     </span>
     <span class='ocr_line' id='line_1_37' title="bbox 393 3791 1825 3892; baseline -0.002 -19"><span class='ocrx_word' id='word_1_392' title='bbox 393 3814 790 3875; x_wconf 80' lang='lat' dir='ltr'>ambulavitHcaocbcum</span> <span class='ocrx_word' id='word_1_393' title='bbox 800 3814 879 3885; x_wconf 86' lang='lat' dir='ltr'>Deo,</span> <span class='ocrx_word' id='word_1_394' title='bbox 887 3811 985 3871; x_wconf 86' lang='lat' dir='ltr'>LXX.</span> <span class='ocrx_word' id='word_1_395' title='bbox 996 3822 1089 3871; x_wconf 86' lang='lat' dir='ltr'>trans·</span> <span class='ocrx_word' id='word_1_396' title='bbox 1143 3813 1254 3873; x_wconf 86' lang='lat' dir='ltr'>lectum</span> <span class='ocrx_word' id='word_1_397' title='bbox 1270 3811 1406 3880; x_wconf 87' lang='lat' dir='ltr'>ostendit,</span> <span class='ocrx_word' id='word_1_398' title='bbox 1423 3810 1506 3890; x_wconf 92' lang='lat' dir='ltr'>quod</span> <span class='ocrx_word' id='word_1_399' title='bbox 1520 3814 1672 3892; x_wconf 90' lang='lat' dir='ltr'>sequitur:</span> <span class='ocrx_word' id='word_1_400' title='bbox 1819 3791 1825 3838; x_wconf 64' lang='lat' dir='ltr'>l</span> 
     </span>
     <span class='ocr_line' id='line_1_38' title="bbox 393 3845 1825 4000; baseline -0.001 -41"><span class='ocrx_word' id='word_1_401' title='bbox 393 3899 539 3962; x_wconf 87' lang='lat' dir='ltr'>tulerunt:</span> <span class='ocrx_word' id='word_1_402' title='bbox 564 3892 761 3979; x_wconf 76' lang='grc' dir='ltr'>Εὐηρέστησε</span> <span class='ocrx_word' id='word_1_403' title='bbox 776 3891 810 3957; x_wconf 82' lang='grc' dir='ltr'>δὲ</span> <span class='ocrx_word' id='word_1_404' title='bbox 826 3886 927 3974; x_wconf 84' lang='grc' dir='ltr'>Ἑνὼχ</span> <span class='ocrx_word' id='word_1_405' title='bbox 945 3897 991 3983; x_wconf 75' lang='grc' dir='ltr'>τῷ</span> <span class='ocrx_word' id='word_1_406' title='bbox 1007 3894 1089 3981; x_wconf 78' lang='grc' dir='ltr'><strong>Θεῷ,</strong></span> <span class='ocrx_word' id='word_1_407' title='bbox 1187 3899 1321 3959; x_wconf 79' lang='lat' dir='ltr'>Credere</span> <span class='ocrx_word' id='word_1_408' title='bbox 1336 3900 1422 3960; x_wconf 83' lang='lat' dir='ltr'>enim</span> <span class='ocrx_word' id='word_1_409' title='bbox 1444 3906 1570 3975; x_wconf 84' lang='lat' dir='ltr'>oportet</span> <span class='ocrx_word' id='word_1_410' title='bbox 1584 3845 1825 4000; x_wconf 70' lang='lat' dir='ltr'>oecsdartsrsdl</span> 
     </span>
     <span class='ocr_line' id='line_1_39' title="bbox 393 3978 1817 4066; baseline -0.001 -19"><span class='ocrx_word' id='word_1_411' title='bbox 393 3987 609 4063; x_wconf 79' lang='lat' dir='ltr'>beneplacuit</span> <span class='ocrx_word' id='word_1_412' title='bbox 623 3995 731 4048; x_wconf 81' lang='lat' dir='ltr'>cutem</span> <span class='ocrx_word' id='word_1_413' title='bbox 748 3988 880 4048; x_wconf 82' lang='lat' dir='ltr'>Heaocb</span> <span class='ocrx_word' id='word_1_414' title='bbox 895 3988 983 4063; x_wconf 89' lang='lat' dir='ltr'>Deo;</span> <span class='ocrx_word' id='word_1_415' title='bbox 1007 3985 1089 4044; x_wconf 84' lang='lat' dir='ltr'>vide·</span> <span class='ocrx_word' id='word_1_416' title='bbox 1144 3986 1258 4060; x_wconf 88' lang='lat' dir='ltr'>Deum,</span> <span class='ocrx_word' id='word_1_417' title='bbox 1282 3988 1358 4062; x_wconf 89' lang='lat' dir='ltr'>quia</span> <span class='ocrx_word' id='word_1_418' title='bbox 1374 3993 1426 4045; x_wconf 78' lang='lat' dir='ltr'>est</span> <span class='ocrx_word' id='word_1_419' title='bbox 1450 3985 1619 4064; x_wconf 82' lang='lat' dir='ltr'>Perspicua</span> <span class='ocrx_word' id='word_1_420' title='bbox 1634 3997 1681 4047; x_wconf 87' lang='lat' dir='ltr'>est</span> <span class='ocrx_word' id='word_1_421' title='bbox 1695 3978 1817 4066; x_wconf 49' lang='lat' dir='ltr'>probs&amp;</span> 
     </span>
     <span class='ocr_line' id='line_1_40' title="bbox 392 4061 1818 4153; baseline -0.002 -18"><span class='ocrx_word' id='word_1_422' title='bbox 392 4074 462 4135; x_wconf 82' lang='lat' dir='ltr'>licet</span> <span class='ocrx_word' id='word_1_423' title='bbox 477 4093 597 4135; x_wconf 87' lang='lat' dir='ltr'>sensum</span> <span class='ocrx_word' id='word_1_424' title='bbox 614 4075 724 4153; x_wconf 87' lang='lat' dir='ltr'>potius,</span> <span class='ocrx_word' id='word_1_425' title='bbox 748 4094 840 4153; x_wconf 85' lang='lat' dir='ltr'>quam</span> <span class='ocrx_word' id='word_1_426' title='bbox 855 4074 949 4134; x_wconf 85' lang='lat' dir='ltr'>verba</span> <span class='ocrx_word' id='word_1_427' title='bbox 964 4070 1088 4132; x_wconf 83' lang='lat' dir='ltr'>reddeu-</span> <span class='ocrx_word' id='word_1_428' title='bbox 1143 4072 1221 4131; x_wconf 88' lang='lat' dir='ltr'>Nam</span> <span class='ocrx_word' id='word_1_429' title='bbox 1238 4074 1264 4132; x_wconf 87' lang='lat' dir='ltr'>si</span> <span class='ocrx_word' id='word_1_430' title='bbox 1280 4072 1473 4134; x_wconf 78' lang='lat' dir='ltr'>accedentem</span> <span class='ocrx_word' id='word_1_431' title='bbox 1498 4071 1538 4132; x_wconf 88' lang='lat' dir='ltr'>ad</span> <span class='ocrx_word' id='word_1_432' title='bbox 1552 4074 1652 4134; x_wconf 82' lang='lat' dir='ltr'>Deum</span> <span class='ocrx_word' id='word_1_433' title='bbox 1671 4065 1775 4152; x_wconf 80' lang='lat' dir='ltr'>aliquit</span> <span class='ocrx_word' id='word_1_434' title='bbox 1784 4061 1818 4132; x_wconf 57' lang='grc' dir='ltr'>ἃ·</span> 
     </span>
     <span class='ocr_line' id='line_1_41' title="bbox 393 4151 1825 4239; baseline 0.001 -17"><span class='ocrx_word' id='word_1_435' title='bbox 393 4168 446 4222; x_wconf 84' lang='lat' dir='ltr'>tes.</span> <span class='ocrx_word' id='word_1_436' title='bbox 471 4160 560 4239; x_wconf 80' lang='lat' dir='ltr'>Quod</span> <span class='ocrx_word' id='word_1_437' title='bbox 576 4169 607 4221; x_wconf 85' lang='lat' dir='ltr'>et</span> <span class='ocrx_word' id='word_1_438' title='bbox 620 4169 740 4221; x_wconf 88' lang='lat' dir='ltr'>secutus</span> <span class='ocrx_word' id='word_1_439' title='bbox 753 4171 800 4220; x_wconf 89' lang='lat' dir='ltr'>est</span> <span class='ocrx_word' id='word_1_440' title='bbox 811 4163 959 4238; x_wconf 86' lang='lat' dir='ltr'>interpres</span> <span class='ocrx_word' id='word_1_441' title='bbox 971 4159 1088 4238; x_wconf 89' lang='lat' dir='ltr'>sapien·</span> <span class='ocrx_word' id='word_1_442' title='bbox 1142 4158 1210 4217; x_wconf 91' lang='lat' dir='ltr'>Deo</span> <span class='ocrx_word' id='word_1_443' title='bbox 1233 4158 1356 4220; x_wconf 86' lang='lat' dir='ltr'>credere</span> <span class='ocrx_word' id='word_1_444' title='bbox 1378 4167 1505 4238; x_wconf 87' lang='lat' dir='ltr'>oportet,</span> <span class='ocrx_word' id='word_1_445' title='bbox 1526 4159 1622 4237; x_wconf 70' lang='lat' dir='ltr'>igitur</span> <span class='ocrx_word' id='word_1_446' title='bbox 1640 4179 1726 4222; x_wconf 69' lang='lat' dir='ltr'>usne</span> <span class='ocrx_word' id='word_1_447' title='bbox 1738 4151 1825 4238; x_wconf 62' lang='grc' dir='ltr'>ΜΕ</span> 
     </span>
     <span class='ocr_line' id='line_1_42' title="bbox 393 4239 1813 4325; baseline 0.003 -20"><span class='ocrx_word' id='word_1_448' title='bbox 393 4249 455 4307; x_wconf 88' lang='lat' dir='ltr'>tiso</span> <span class='ocrx_word' id='word_1_449' title='bbox 476 4246 533 4308; x_wconf 88' lang='lat' dir='ltr'>filii</span> <span class='ocrx_word' id='word_1_450' title='bbox 555 4246 671 4308; x_wconf 82' lang='lat' dir='ltr'>Sirach.</span> <span class='ocrx_word' id='word_1_451' title='bbox 695 4247 815 4308; x_wconf 81' lang='lat' dir='ltr'>Etenim</span> <span class='ocrx_word' id='word_1_452' title='bbox 839 4265 910 4307; x_wconf 84' lang='lat' dir='ltr'>cum</span> <span class='ocrx_word' id='word_1_453' title='bbox 927 4248 996 4307; x_wconf 84' lang='lat' dir='ltr'>Dea</span> <span class='ocrx_word' id='word_1_454' title='bbox 1019 4265 1089 4305; x_wconf 89' lang='lat' dir='ltr'>am·</span> <span class='ocrx_word' id='word_1_455' title='bbox 1144 4247 1173 4304; x_wconf 92' lang='lat' dir='ltr'>ei</span> <span class='ocrx_word' id='word_1_456' title='bbox 1197 4245 1318 4325; x_wconf 88' lang='lat' dir='ltr'>placere</span> <span class='ocrx_word' id='word_1_457' title='bbox 1341 4246 1406 4306; x_wconf 89' lang='lat' dir='ltr'>sine</span> <span class='ocrx_word' id='word_1_458' title='bbox 1428 4244 1498 4305; x_wconf 86' lang='lat' dir='ltr'>fida</span> <span class='ocrx_word' id='word_1_459' title='bbox 1531 4245 1647 4308; x_wconf 84' lang='lat' dir='ltr'>Nullus</span> <span class='ocrx_word' id='word_1_460' title='bbox 1670 4247 1748 4308; x_wconf 79' lang='lat' dir='ltr'>suin</span> <span class='ocrx_word' id='word_1_461' title='bbox 1765 4239 1813 4308; x_wconf 66' lang='grc' dir='ltr'><em>Ν</em></span> 
     </span>
     <span class='ocr_line' id='line_1_43' title="bbox 393 4328 1813 4413; baseline -0.001 -17"><span class='ocrx_word' id='word_1_462' title='bbox 393 4334 505 4396; x_wconf 72' lang='lat' dir='ltr'>buton</span> <span class='ocrx_word' id='word_1_463' title='bbox 528 4333 630 4412; x_wconf 87' lang='lat' dir='ltr'>phrasi</span> <span class='ocrx_word' id='word_1_464' title='bbox 649 4333 820 4413; x_wconf 80' lang='lat' dir='ltr'>Scripturas</span> <span class='ocrx_word' id='word_1_465' title='bbox 843 4331 990 4403; x_wconf 86' lang='lat' dir='ltr'>dicuntur,</span> <span class='ocrx_word' id='word_1_466' title='bbox 1013 4352 1088 4412; x_wconf 90' lang='lat' dir='ltr'>quo·</span> <span class='ocrx_word' id='word_1_467' title='bbox 1144 4331 1252 4410; x_wconf 89' lang='lat' dir='ltr'>placet,</span> <span class='ocrx_word' id='word_1_468' title='bbox 1271 4333 1331 4392; x_wconf 88' lang='lat' dir='ltr'>uisi</span> <span class='ocrx_word' id='word_1_469' title='bbox 1347 4330 1386 4391; x_wconf 84' lang='lat' dir='ltr'>ad</span> <span class='ocrx_word' id='word_1_470' title='bbox 1402 4353 1471 4393; x_wconf 88' lang='lat' dir='ltr'>eum</span> <span class='ocrx_word' id='word_1_471' title='bbox 1486 4335 1662 4411; x_wconf 72' lang='lat' dir='ltr'>accesutit3</span> <span class='ocrx_word' id='word_1_472' title='bbox 1680 4328 1813 4394; x_wconf 64' lang='lat' dir='ltr'>wadii!</span> 
     </span>
     <span class='ocr_line' id='line_1_44' title="bbox 393 4407 1825 4498; baseline -0.002 -15"><span class='ocrx_word' id='word_1_473' title='bbox 393 4441 458 4483; x_wconf 90' lang='lat' dir='ltr'>rum</span> <span class='ocrx_word' id='word_1_474' title='bbox 482 4422 544 4482; x_wconf 86' lang='lat' dir='ltr'>vita</span> <span class='ocrx_word' id='word_1_475' title='bbox 566 4419 729 4481; x_wconf 89' lang='lat' dir='ltr'>concordat</span> <span class='ocrx_word' id='word_1_476' title='bbox 748 4439 814 4481; x_wconf 91' lang='lat' dir='ltr'>cunr</span> <span class='ocrx_word' id='word_1_477' title='bbox 834 4419 993 4480; x_wconf 84' lang='lat' dir='ltr'>voluntate</span> <span class='ocrx_word' id='word_1_478' title='bbox 1007 4420 1089 4498; x_wconf 75' lang='lat' dir='ltr'>lege·</span> <span class='ocrx_word' id='word_1_479' title='bbox 1143 4427 1242 4480; x_wconf 89' lang='lat' dir='ltr'>autem</span> <span class='ocrx_word' id='word_1_480' title='bbox 1270 4418 1307 4479; x_wconf 87' lang='lat' dir='ltr'>sd</span> <span class='ocrx_word' id='word_1_481' title='bbox 1332 4418 1429 4479; x_wconf 91' lang='lat' dir='ltr'>Deum</span> <span class='ocrx_word' id='word_1_482' title='bbox 1454 4420 1521 4498; x_wconf 89' lang='lat' dir='ltr'>ipsa</span> <span class='ocrx_word' id='word_1_483' title='bbox 1543 4419 1619 4493; x_wconf 86' lang='lat' dir='ltr'>fide,</span> <span class='ocrx_word' id='word_1_484' title='bbox 1644 4420 1730 4481; x_wconf 82' lang='lat' dir='ltr'>velut</span> <span class='ocrx_word' id='word_1_485' title='bbox 1750 4407 1825 4494; x_wconf 56' lang='lat' dir='ltr'>iffi,</span> 
     </span>
     <span class='ocr_line' id='line_1_45' title="bbox 393 4503 1825 4590; baseline -0.001 -21"><span class='ocrx_word' id='word_1_486' title='bbox 393 4529 455 4590; x_wconf 89' lang='lat' dir='ltr'>que</span> <span class='ocrx_word' id='word_1_487' title='bbox 485 4507 607 4583; x_wconf 62' lang='lat' dir='ltr'>divinam</span> <span class='ocrx_word' id='word_1_488' title='bbox 641 4507 730 4584; x_wconf 87' lang='lat' dir='ltr'>juxta</span> <span class='ocrx_word' id='word_1_489' title='bbox 756 4506 838 4586; x_wconf 87' lang='lat' dir='ltr'>quod</span> <span class='ocrx_word' id='word_1_490' title='bbox 867 4506 1013 4586; x_wconf 82' lang='lat' dir='ltr'>scripturn</span> <span class='ocrx_word' id='word_1_491' title='bbox 1044 4513 1091 4566; x_wconf 87' lang='lat' dir='ltr'>est</span> <span class='ocrx_word' id='word_1_492' title='bbox 1143 4513 1249 4578; x_wconf 89' lang='lat' dir='ltr'>ructus,</span> <span class='ocrx_word' id='word_1_493' title='bbox 1272 4503 1825 4590; x_wconf 59' lang='lat' dir='ltr'>quotenditurinDeumatfluflUl</span> 
     </span>
     <span class='ocr_line' id='line_1_46' title="bbox 393 4587 1825 4673; baseline -0.001 -16"><span class='ocrx_word' id='word_1_494' title='bbox 393 4596 487 4657; x_wconf 81' lang='lat' dir='ltr'>Amos</span> <span class='ocrx_word' id='word_1_495' title='bbox 515 4601 558 4660; x_wconf 84' lang='lat'>3.:</span> <span class='ocrx_word' id='word_1_496' title='bbox 592 4594 757 4671; x_wconf 78' lang='lat' dir='ltr'>Numquid</span> <span class='ocrx_word' id='word_1_497' title='bbox 786 4592 998 4655; x_wconf 74' lang='lat' dir='ltr'>ambutabunt</span> <span class='ocrx_word' id='word_1_498' title='bbox 1026 4592 1090 4652; x_wconf 87' lang='lat' dir='ltr'>duo</span> <span class='ocrx_word' id='word_1_499' title='bbox 1143 4594 1310 4653; x_wconf 86' lang='lat' dir='ltr'>torminum.</span> <span class='ocrx_word' id='word_1_500' title='bbox 1334 4592 1430 4652; x_wconf 81' lang='lat' dir='ltr'>Docet</span> <span class='ocrx_word' id='word_1_501' title='bbox 1445 4600 1559 4665; x_wconf 74' lang='lat' dir='ltr'>autem</span> <span class='ocrx_word' id='word_1_502' title='bbox 1572 4594 1705 4673; x_wconf 71' lang='lat' dir='ltr'>prunum</span> <span class='ocrx_word' id='word_1_503' title='bbox 1716 4587 1825 4656; x_wconf 65' lang='lat' dir='ltr'>ada-i</span> 
     </span>
     <span class='ocr_line' id='line_1_47' title="bbox 392 4677 1825 4759; baseline 0.001 -16"><span class='ocrx_word' id='word_1_504' title='bbox 392 4686 528 4759; x_wconf 78' lang='lat' dir='ltr'>pariter,</span> <span class='ocrx_word' id='word_1_505' title='bbox 544 4686 607 4745; x_wconf 79' lang='lat' dir='ltr'>ruisi</span> <span class='ocrx_word' id='word_1_506' title='bbox 619 4684 803 4741; x_wconf 75' lang='lat' dir='ltr'>conuenerit</span> <span class='ocrx_word' id='word_1_507' title='bbox 814 4682 881 4741; x_wconf 77' lang='lat' dir='ltr'>eia?</span> <span class='ocrx_word' id='word_1_508' title='bbox 896 4678 1090 4740; x_wconf 88' lang='lat' dir='ltr'>Peculisriter</span> <span class='ocrx_word' id='word_1_509' title='bbox 1144 4679 1214 4739; x_wconf 90' lang='lat' dir='ltr'>dnm</span> <span class='ocrx_word' id='word_1_510' title='bbox 1230 4677 1269 4738; x_wconf 90' lang='lat' dir='ltr'>de</span> <span class='ocrx_word' id='word_1_511' title='bbox 1283 4679 1360 4750; x_wconf 86' lang='lat' dir='ltr'>Deo,</span> <span class='ocrx_word' id='word_1_512' title='bbox 1375 4679 1452 4754; x_wconf 85' lang='lat' dir='ltr'>quia</span> <span class='ocrx_word' id='word_1_513' title='bbox 1468 4686 1522 4753; x_wconf 86' lang='lat' dir='ltr'>est,</span> <span class='ocrx_word' id='word_1_514' title='bbox 1540 4680 1570 4740; x_wconf 89' lang='lat' dir='ltr'>id</span> <span class='ocrx_word' id='word_1_515' title='bbox 1586 4689 1633 4740; x_wconf 82' lang='lat' dir='ltr'>sat</span> <span class='ocrx_word' id='word_1_516' title='bbox 1646 4680 1745 4742; x_wconf 61' lang='lat' dir='ltr'>mon</span> <span class='ocrx_word' id='word_1_517' title='bbox 1757 4685 1825 4746; x_wconf 53' lang='lat' dir='ltr'>*t</span> 
     </span>
     <span class='ocr_line' id='line_1_48' title="bbox 395 4763 1825 4847; baseline -0.001 -17"><span class='ocrx_word' id='word_1_518' title='bbox 395 4778 493 4831; x_wconf 87' lang='lat' dir='ltr'>sutem</span> <span class='ocrx_word' id='word_1_519' title='bbox 523 4769 555 4831; x_wconf 93' lang='lat' dir='ltr'>id</span> <span class='ocrx_word' id='word_1_520' title='bbox 582 4768 642 4830; x_wconf 89' lang='lat' dir='ltr'>dici</span> <span class='ocrx_word' id='word_1_521' title='bbox 668 4766 744 4829; x_wconf 86' lang='lat' dir='ltr'>solet</span> <span class='ocrx_word' id='word_1_522' title='bbox 769 4766 808 4829; x_wconf 88' lang='lat' dir='ltr'>de</span> <span class='ocrx_word' id='word_1_523' title='bbox 833 4768 907 4829; x_wconf 83' lang='lat' dir='ltr'>viris</span> <span class='ocrx_word' id='word_1_524' title='bbox 933 4767 1090 4827; x_wconf 77' lang='lat' dir='ltr'>smatitste</span> <span class='ocrx_word' id='word_1_525' title='bbox 1144 4766 1234 4845; x_wconf 76' lang='lat' dir='ltr'>Quod</span> <span class='ocrx_word' id='word_1_526' title='bbox 1248 4764 1695 4847; x_wconf 75' lang='lat' dir='ltr'>etinsymbolcfideiprimuur</span> <span class='ocrx_word' id='word_1_527' title='bbox 1710 4763 1825 4847; x_wconf 56' lang='lat' dir='ltr'>paulli</span> 
     </span>
     <span class='ocr_line' id='line_1_49' title="bbox 395 4841 1825 4938; baseline -0.001 -21"><span class='ocrx_word' id='word_1_528' title='bbox 395 4856 627 4938; x_wconf 85' lang='lat' dir='ltr'>praestantibus.</span> <span class='ocrx_word' id='word_1_529' title='bbox 650 4854 740 4916; x_wconf 89' lang='lat' dir='ltr'>Unde</span> <span class='ocrx_word' id='word_1_530' title='bbox 756 4864 788 4917; x_wconf 88' lang='lat' dir='ltr'>et</span> <span class='ocrx_word' id='word_1_531' title='bbox 808 4852 930 4916; x_wconf 73' lang='lat' dir='ltr'>delict</span> <span class='ocrx_word' id='word_1_532' title='bbox 946 4872 1010 4932; x_wconf 86' lang='lat' dir='ltr'>cap.</span> <span class='ocrx_word' id='word_1_533' title='bbox 1026 4870 1090 4932; x_wconf 85' lang='lat' dir='ltr'>seq.</span> <span class='ocrx_word' id='word_1_534' title='bbox 1143 4852 1219 4913; x_wconf 83' lang='lat' dir='ltr'>(lum</span> <span class='ocrx_word' id='word_1_535' title='bbox 1233 4854 1312 4914; x_wconf 86' lang='lat' dir='ltr'>enisu</span> <span class='ocrx_word' id='word_1_536' title='bbox 1326 4851 1401 4912; x_wconf 87' lang='lat' dir='ltr'>tides</span> <span class='ocrx_word' id='word_1_537' title='bbox 1415 4855 1499 4914; x_wconf 82' lang='lat' dir='ltr'>ciros</span> <span class='ocrx_word' id='word_1_538' title='bbox 1513 4853 1617 4914; x_wconf 78' lang='lat' dir='ltr'>Derras</span> <span class='ocrx_word' id='word_1_539' title='bbox 1640 4841 1825 4936; x_wconf 63' lang='lat' dir='ltr'>coqu-fiir</span> 
     </span>
     <span class='ocr_line' id='line_1_50' title="bbox 396 4935 1825 5022; baseline 0 -18"><span class='ocrx_word' id='word_1_540' title='bbox 396 4942 481 5013; x_wconf 82' lang='lat' dir='ltr'>Gon..</span> <span class='ocrx_word' id='word_1_541' title='bbox 504 4963 571 5003; x_wconf 84' lang='lat' dir='ltr'>cunr</span> <span class='ocrx_word' id='word_1_542' title='bbox 595 4943 729 5015; x_wconf 83' lang='lat' dir='ltr'>dixisset,</span> <span class='ocrx_word' id='word_1_543' title='bbox 752 4943 849 5002; x_wconf 81' lang='lat' dir='ltr'>virum</span> <span class='ocrx_word' id='word_1_544' title='bbox 871 4938 963 5000; x_wconf 85' lang='lat' dir='ltr'>inisse</span> <span class='ocrx_word' id='word_1_545' title='bbox 974 4940 1092 5018; x_wconf 85' lang='lat' dir='ltr'>justum</span> <span class='ocrx_word' id='word_1_546' title='bbox 1143 4947 1349 5011; x_wconf 72' lang='lat' dir='ltr'>nuversstur,</span> <span class='ocrx_word' id='word_1_547' title='bbox 1363 4935 1825 5022; x_wconf 55' lang='lat' dir='ltr'>bocutiqueutqaad-nflt&#39;</span> 
     </span>
     <span class='ocr_line' id='line_1_51' title="bbox 395 5023 1814 5112; baseline 0 -22"><span class='ocrx_word' id='word_1_548' title='bbox 395 5038 488 5112; x_wconf 81' lang='lat' dir='ltr'>atque</span> <span class='ocrx_word' id='word_1_549' title='bbox 511 5028 677 5110; x_wconf 75' lang='lat' dir='ltr'>portatum</span> <span class='ocrx_word' id='word_1_550' title='bbox 700 5031 731 5094; x_wconf 86' lang='lat' dir='ltr'>iu</span> <span class='ocrx_word' id='word_1_551' title='bbox 750 5026 998 5111; x_wconf 61' lang='lat' dir='ltr'>mendacibus</span> <span class='ocrx_word' id='word_1_552' title='bbox 1020 5026 1090 5102; x_wconf 84' lang='lat' dir='ltr'>suis,</span> <span class='ocrx_word' id='word_1_553' title='bbox 1142 5027 1241 5107; x_wconf 86' lang='lat' dir='ltr'>primo</span> <span class='ocrx_word' id='word_1_554' title='bbox 1255 5023 1437 5090; x_wconf 70' lang='lat' dir='ltr'>credndum</span> <span class='ocrx_word' id='word_1_555' title='bbox 1450 5027 1591 5106; x_wconf 74' lang='lat' dir='ltr'>oannis,</span> <span class='ocrx_word' id='word_1_556' title='bbox 1606 5026 1814 5094; x_wconf 61' lang='lat' dir='ltr'>unsar</span> 
     </span>
    </p>
   </div>
   <div class='ocr_carea' id='block_1_3' title="bbox 0 0 2226 5825">
    <p class='ocr_par' dir='ltr' id='par_1_3' title="bbox 0 0 2226 5825">
     <span class='ocr_line' id='line_1_52' title="bbox 0 0 2226 5825; baseline 0 0"><span class='ocrx_word' id='word_1_557' title='bbox 0 0 2226 5825; x_wconf 95' lang='lat' dir='ltr'> </span> 
     </span>
    </p>
   </div>
  </div>
 </body>
</html>
