4442 5825
785 587 946 647 dilston!
963 592 981 646 l.
998 591 1087 646 etttt
1103 591 1237 646 totttts
1271 590 1355 644 ms·
1374 590 1459 644 0.-8.
1772 592 1845 663 ist

399 771 434 824 et
447 762 587 826 doctores
601 773 708 837 vocat,
730 767 809 846 pr.
825 762 867 840 4.)
882 785 948 827 esse
962 769 1096 846 judicem
1151 769 1277 829 dileetio
1293 786 1331 829 ee
1347 769 1415 828 Deo
1431 774 1475 827 ert
1483 788 1494 842 ;
1510 765 1573 827 oiri
1585 764 1661 840 quio
1671 769 1846 839 praecepto

399 854 612 930 queestionurn
627 862 659 913 et
674 855 942 914 controversiarum
958 857 1096 931 omnium,
1151 856 1352 917 admonitam
1376 861 1420 914 est
1441 853 1576 913 liberum
1598 850 1787 924 arbitrium,
1810 856 1847 910 ret

398 956 481 1017 quae
506 938 585 999 circe
610 939 773 999 doctrinam
799 939 868 1000 lidei
893 940 1095 1003 suboriuntur.
1151 949 1316 1019 promeret
1341 943 1404 1002 Dei
1429 938 1573 1002 dorsum?
1606 936 1692 1013 quod
1718 935 1847 1013 quidem

399 1022 550 1103 Quocirca
565 1025 686 1098 fideles,
709 1025 805 1085 sicubi
828 1026 967 1089 dubitant
983 1027 1021 1088 de
1036 1029 1094 1106 spi·
1150 1032 1218 1090 sinc
1233 1034 1283 1090 rui
1297 1031 1408 1107 frtrctu
1423 1028 1661 1098 communior,
1677 1025 1741 1086 rtitt'
1752 1025 1848 1099 priter

397 1111 458 1170 ritu
476 1112 636 1191 quopiam,
651 1132 720 1172 num
733 1132 773 1173 ex
788 1112 855 1173 Deo
871 1114 918 1186 sit,
937 1121 1096 1194 propterea
1150 1119 1305 1192 occiperet
1332 1114 1457 1192 aliquid
1484 1114 1677 1187 dilectiouia,·
1705 1116 1743 1169 ot
1768 1108 1848 1169 addi

398 1195 484 1277 quod
497 1199 646 1271 nudant,
669 1208 768 1259 utrum
790 1199 829 1259 de
844 1200 995 1274 doctrina,
1018 1220 1096 1281 quae
1150 1203 1209 1263 sibi
1223 1209 1406 1278 quaereret,
1433 1201 1537 1273 uude,
1565 1196 1845 1276 quodjubcbotrrr,

398 1283 544 1356 adfertur,
554 1283 709 1346 definitum
718 1284 830 1365 aliquid
839 1286 978 1347 Ecclesia
987 1296 1096 1362 toneat,
1150 1290 1304 1366 impleret.
1327 1289 1414 1349 Haec
1433 1287 1493 1348 ille.

397 1370 558 1431 Ecclesiae
572 1371 724 1451 praelatos
738 1373 896 1434 consulere
912 1373 1027 1448 debent,
1053 1382 1095 1434 at·
1194 1378 1238 1437 Et
1252 1377 1355 1437 omnis
1361 1420 1372 1450 ,
1395 1377 1451 1451 qui
1466 1374 1572 1449 dittptt
1579 1415 1590 1446 ,
1614 1388 1652 1431 cx
1667 1371 1734 1431 Dee
1749 1375 1846 1431 rotata

397 1477 461 1538 quc
472 1476 577 1518 eornm
589 1467 766 1538 exspectare
777 1467 807 1519 et
819 1459 923 1520 audire
931 1460 1095 1538 judicium3
1150 1471 1205 1538 cst,
1222 1469 1251 1523 ct
1264 1464 1422 1538 cognoscit
1434 1464 1548 1522 Deum.
1572 1456 1708 1536 complet
1719 1457 1847 1536 priorem

396 1552 505 1625 utpote
517 1542 556 1604 ad
567 1564 652 1623 qnos,
667 1545 800 1606 velutad
813 1566 885 1607 eoos
897 1566 1095 1621 successores,
1150 1552 1310 1623 rationem,
1339 1549 1513 1618 declarans,
1540 1544 1727 1606 dilectionem
1752 1542 1794 1604 ita
1808 1559 1848 1606 ex

399 1629 543 1709 Apostoli
559 1631 648 1692 simul
668 1652 736 1692 cum
759 1633 896 1694 doctrina
920 1641 1096 1712 potestatem
1150 1640 1217 1697 Deo
1241 1656 1322 1709 esse,
1348 1643 1382 1695 ut
1408 1653 1493 1708 eum,
1520 1634 1572 1712 qui
1596 1630 1716 1694 fratrem
1740 1628 1847 1707 diligit,

396 1716 437 1777 de
452 1737 491 1778 ca
506 1716 663 1796 judicendi
686 1721 924 1780 transmiserunt.
962 1718 1097 1782 Consule
1149 1725 1209 1784 Dei
1225 1721 1320 1783 lilium
1336 1723 1502 1782 constituat
1535 1718 1652 1780 Eadem
1673 1717 1753 1777 enim
1768 1723 1848 1790 suut,

397 1803 565 1865 orationem
585 1813 716 1866 nostram
743 1809 862 1867 tertiam
885 1806 922 1867 de
945 1807 1096 1888 prohibita
1150 1829 1188 1870 sx
1203 1811 1270 1870 Deo
1293 1818 1394 1869 natum
1416 1828 1500 1881 esse,
1527 1815 1560 1866 et
1581 1823 1649 1866 esse
1663 1803 1722 1864 Dei
1743 1800 1846 1863 filium.

386 1891 542 1965 ,librorum
556 1891 776 1953 baereticorum
793 1894 930 1954 lectione.
1150 1897 1193 1956 lit
1206 1897 1263 1958 hoc
1277 1896 1399 1977 quidem
1416 1894 1554 1955 absolute
1572 1896 1758 1972 praestatae
1773 1889 1847 1949 cari·

443 1978 473 2036 t.
497 1978 676 2054 Uerissimi,
693 1980 864 2055 diligamus
877 2000 935 2042 uos
949 1983 1095 2043 invicem.
1149 1991 1212 2053 tas,
1237 2003 1316 2063 qnae
1338 1983 1464 2055 homiui,
1490 1979 1560 2040 dum
1580 1976 1780 2059 justificatur,
1803 1976 1847 2036 in·

395 2064 475 2124 Post
489 2065 695 2145 interpositam
709 2068 748 2127 de
764 2068 926 2146 probandis
942 2067 1096 2147 spiritibus
1150 2069 1304 2142 funditur,
1333 2067 1495 2129 haeredem
1525 2087 1591 2128 eum
1621 2063 1737 2124 iaciens
1766 2063 1849 2124 ritas

396 2151 642 2224 instructionem,
679 2153 761 2215 redit
790 2153 828 2213 ad
858 2154 1095 2214 exhortationem
1151 2167 1302 2218 aeternae.
1339 2155 1479 2216 Praestat
1494 2163 1593 2215 temen
1608 2152 1697 2212 etiam
1713 2147 1847 2230 quadan·

396 2235 568 2298 dilectionle
583 2237 744 2312 fraternae,
768 2242 833 2300 sine
857 2261 918 2320 qua
939 2241 1015 2302 nihil
1030 2262 1094 2321 pro·
1152 2252 1237 2304 tenus
1265 2251 1293 2302 et
1315 2240 1479 2302 secundum
1506 2240 1727 2300 inchoationem
1753 2254 1847 2316 quan·

394 2321 479 2395 dest,
502 2333 615 2385 rectum
632 2335 663 2386 et
678 2328 882 2406 incorruptum
907 2326 946 2388 de
962 2327 1097 2388 doctrina
1150 2329 1218 2390 darn
1248 2349 1286 2390 ea
1314 2331 1437 2400 caritas,
1474 2329 1539 2388 sive
1567 2324 1741 2398 habitualis,
1782 2323 1849 2385 sire

396 2411 473 2471 lidei
487 2412 618 2473 tenuisse
629 2413 785 2490 judicium.
1150 2416 1296 2489 actualis,
1320 2415 1479 2495 qusquis,
1502 2410 1634 2474 nondum
1650 2415 1847 2489 regeneratas

440 2499 525 2576 Quia
549 2501 669 2561 coritm
694 2518 732 2562 cu
759 2502 827 2561 Deo
851 2509 902 2561 cst.
940 2503 1026 2562 Haec
1047 2521 1096 2562 ae·
1151 2513 1203 2565 eut
1235 2501 1366 2565 nondum
1391 2501 1616 2570 reconciliatus,
1639 2497 1760 2557 fratrem
1786 2495 1846 2556 siu·

395 2584 524 2664 tiologia
545 2584 696 2663 duplicem
721 2588 853 2648 continet
874 2590 1018 2649 rationem
1042 2609 1095 2648 ex·
1151 2611 1218 2652 cere
1233 2610 1269 2651 ac
1285 2587 1459 2650 Christiane
1477 2586 1584 2665 diligit.
1618 2583 1707 2645 Unde
1723 2591 1768 2656 et,
1794 2582 1848 2660 qni

395 2670 579 2732 hortationis
616 2673 655 2733 ed
692 2675 846 2733 carltatem
881 2695 933 2735 seu
964 2674 1096 2736 dilectio·
1151 2680 1195 2737 sic
1211 2676 1328 2755 diligit,
1354 2683 1506 2753 tamquam
1522 2671 1693 2752 adoptionis
1711 2669 1776 2748 jam
1792 2667 1846 2729 ali·

395 2778 466 2818 nem
489 2759 657 2820 buterum.
696 2759 765 2821 Une
788 2770 834 2821 oet
857 2762 896 2822 ab
920 2763 1096 2825 excellentia
1151 2785 1211 2842 quii
1227 2761 1317 2824 modo
1339 2762 1505 2841 particeps,
1529 2759 1628 2822 dicere
1651 2764 1749 2838 potest
1763 2755 1845 2817 Deo:

394 2844 489 2924 hujus
526 2847 638 2926 operis,
676 2849 756 2927 quod
794 2856 840 2907 est
876 2848 1002 2929 diligere
1037 2849 1095 2911 ira·
1151 2854 1250 2914 Pater
1269 2856 1393 2924 ooetcr,
1423 2851 1477 2926 qrsi
1504 2867 1534 2909 rs
1559 2844 1717 2908 incoctis.
1752 2840 1848 2904 Addit

394 2944 468 2993 tres.
499 2932 557 2992 Est
586 2934 664 2994 enim
695 2933 853 3014 hocopus
884 2957 903 2996 a
928 2936 1009 3007 Deo,
1035 2959 1095 2999 non
1150 2947 1249 3001 autem
1264 2937 1414 2999 Joanues:
1436 2943 1465 2995 ct
1479 2937 1637 3012 cognoscit
1653 2934 1773 3006 Deam,
1794 2950 1845 2991 no

394 3019 576 3097 vulgariter,
610 3020 664 3081 sed
690 3032 722 3081 nt
747 3042 823 3101 opus
849 3021 1001 3102 quoddam
1032 3026 1094 3085 exi·
1150 3028 1217 3088 titia
1232 3023 1375 3086 videlicet
1389 3024 1542 3095 affectiva,
1564 3031 1598 3084 nt
1613 3021 1739 3081 fructum
1755 3017 1846 3097 adop·

392 3109 504 3179 mium,
530 3106 613 3184 qnod
629 3107 713 3169 Deus
736 3126 790 3186 per
812 3110 994 3189 singularem
1011 3131 1094 3172 eoam
1150 3114 1239 3173 tionis
1262 3110 1418 3181 ostendat,
1441 3112 1496 3188 qui
1512 3117 1575 3182 est,
1595 3110 1693 3169 Deum
1709 3124 1797 3165 nosse
1813 3111 1847 3164 ut

393 3194 525 3274 gratiam
541 3195 573 3254 in
596 3193 682 3255 nobis
705 3205 859 3274 operatur,
877 3198 919 3255 ite
941 3208 975 3256 ut
991 3201 1095 3272 omnis,
1149 3202 1294 3270 amicum,
1320 3197 1378 3258 hoc
1403 3206 1464 3268 est,
1495 3197 1646 3257 amicitiae
1671 3194 1846 3253 societatem

395 3281 452 3359 qui
467 3278 576 3360 diligit,
592 3282 842 3361 quemadmodum
858 3282 957 3344 verbis
969 3304 1094 3363 sequen·
1149 3308 1215 3348 cum
1229 3286 1296 3346 Deo
1312 3283 1433 3344 babere

392 3366 479 3427 tibus
500 3366 627 3440 dicitur,
654 3371 695 3428 eit
718 3389 756 3429 ex
778 3371 846 3430 Deo
869 3379 954 3430 natus
976 3391 1014 3431 ao
1035 3372 1095 3431 Dei
1193 3378 1221 3435 8.
1245 3374 1307 3451 Qui
1322 3390 1389 3432 ooo
1404 3370 1524 3446 dilipit,
1541 3388 1610 3430 nou
1625 3368 1716 3429 uouit
1733 3366 1844 3426 Deum.

394 3452 483 3515 filius.
515 3453 619 3514 Altera
633 3458 711 3515 ratio
727 3476 745 3516 a
761 3456 962 3535 possibilitate
976 3466 1007 3518 et
1021 3456 1093 3517 iaci·
1148 3461 1276 3538 Proprie
1302 3476 1391 3519 notre
1412 3460 1535 3531 Deum,
1563 3476 1622 3516 nou
1646 3463 1694 3515 ost
1715 3452 1846 3528 diligero

393 3540 483 3602 litate
507 3542 676 3621 praecepti,
703 3542 866 3603 secundum
891 3542 984 3616 illud,
1013 3547 1094 3622 quod
1148 3550 1271 3620 Deum,
1288 3565 1355 3605 cum
1370 3545 1496 3605 alterum
1512 3544 1551 3604 sit
1565 3541 1750 3610 intellectus,
1770 3539 1843 3599 alte·

393 3627 471 3690 dicit
485 3629 584 3706 capite
599 3630 751 3708 sequenti,
774 3630 814 3689 de
835 3633 1005 3709 praeceptis
1022 3634 1093 3692 ceri·
1148 3654 1212 3694 rum
1228 3633 1408 3705 volontatis3
1435 3631 1551 3690 tametsi
1566 3647 1656 3689 nosse
1670 3628 1787 3698 Βοιιιιι,
1811 3633 1845 3686 ut

390 3716 467 3775 tatis
481 3712 623 3792 loquens:
648 3717 692 3776 Et
712 3716 869 3776 moudoto
884 3720 965 3793 Eius
979 3721 1094 3794 provio
1147 3721 1196 3781 hic
1213 3719 1371 3798 accipitur,
1399 3719 1488 3777 etiam
1512 3716 1650 3776 affectum
1674 3710 1844 3775 dilectionis

391 3819 465 3863 nort
490 3809 573 3862 suut.
612 3802 722 3862 Dicere
752 3804 829 3863 enim
860 3806 929 3883 quie
959 3814 1092 3883 poterat:
1147 3807 1208 3868 Dei
1235 3808 1266 3867 in
1288 3825 1322 3866 se
1344 3803 1477 3864 includit.
1515 3804 1599 3863 Facit
1625 3806 1726 3862 autem
1752 3800 1844 3859 etiarn

391 3891 597 3966 Praeceptum
616 3888 800 3963 dilectionis,
824 3890 903 3967 qnod
918 3891 1004 3952 nobis
1019 3894 1092 3952 assi·
1146 3894 1220 3953 haec
1235 3911 1304 3974 pars
1321 3890 1360 3952 ad
1376 3889 1613 3950 exhortationem
1636 3889 1785 3949 fraternae
1800 3884 1842 3946 di·

392 3975 455 4036 dne
472 3975 621 4047 inculcas,
645 3975 802 4036 admodum
826 3997 920 4056 grave
938 3980 1092 4049 sentimus,
1146 3980 1290 4040 lectionis.
1325 3977 1404 4038 Nam
1419 3978 1445 4036 ei
1462 3978 1556 4037 Deum
1577 3997 1638 4038 non
1660 3975 1760 4046 novit,
1790 3973 1844 4052 qui

390 4081 451 4124 nec
466 4062 634 4122 infirmitati
651 4072 769 4123 nostrae
784 4063 941 4141 possibile,
958 4084 1090 4144 praesen
1146 4065 1269 4127 fratrem
1296 4085 1357 4126 uon
1383 4063 1499 4143 diligit,
1527 4063 1636 4143 utique
1661 4058 1843 4124 studendum

389 4152 448 4209 tim
466 4168 540 4227 erga
554 4167 623 4220 soe,
646 4151 696 4229 qui
717 4170 771 4210 nos
787 4152 856 4210 odio
872 4160 1093 4231 prosequuntur
1145 4153 1231 4214 nobis
1253 4161 1299 4212 est
1322 4151 1474 4211 dilectioni
1496 4148 1661 4222 fraternus,
1686 4157 1720 4210 at
1741 4146 1843 4209 Deum

391 4246 423 4296 et
446 4236 566 4314 injuriis
587 4236 728 4297 afficiunt.
767 4236 943 4316 Respondet
956 4239 1092 4300 ,loannes
1146 4257 1375 4320 cognoscamus,
1403 4237 1433 4298 id
1460 4244 1506 4297 est
1529 4238 1690 4298 amicitiam
1714 4254 1779 4298 cum
1805 4251 1842 4294 eo

389 4322 588 4384 dilectionem
611 4342 650 4384 ex
665 4323 732 4383 Deo
756 4342 838 4394 esse,
859 4333 891 4384 et
914 4324 1038 4405 proinde
1053 4324 1092 4384 cb
1145 4326 1317 4388 habeamus.

388 4430 430 4471 eo
463 4408 623 4488 petendum
656 4411 818 4481 auxilinm,
855 4420 886 4469 ut
922 4411 1092 4472 dilectionis
1190 4415 1350 4494 Quouimu
1376 4414 1462 4474 Deus
1496 4414 1614 4472 coritas
1640 4420 1691 4472 cst.
1736 4410 1843 4471 Potest

390 4503 626 4577 praeceptuma
650 4498 735 4557 nobis
758 4495 925 4577 impleatur.
963 4499 1038 4558 Nasu
1056 4518 1091 4558 eo
1145 4500 1221 4561 haec
1237 4500 1402 4579 propositio
1414 4497 1520 4560 referri
1534 4499 1584 4559 vel
1595 4497 1634 4559 ad
1647 4495 1842 4577 probandum,

386 4582 579 4656 auxiliante,
595 4602 654 4643 non
670 4584 765 4645 solum
782 4585 943 4664 possibilie,
960 4584 1012 4645 sed
1029 4594 1091 4644 tan·
1146 4584 1228 4665 quod
1241 4587 1376 4665 proxime
1388 4586 1564 4663 praecessit3
1580 4605 1616 4645 ac
1629 4586 1656 4645 ei
1667 4584 1756 4659 dicat,
1764 4602 1842 4656 eum,

389 4672 466 4732 dem
481 4668 625 4729 etfacilis
641 4672 696 4731 orit
717 4669 803 4731 nobis
826 4670 916 4751 hujus
939 4672 1090 4751 praerepti
1146 4675 1198 4750 qui
1212 4671 1335 4733 iratmm
1351 4693 1411 4733 non
1427 4670 1540 4750 diligit,
1560 4672 1629 4732 ideo
1645 4692 1705 4733 non
1720 4670 1842 4733 ιιονίοιο

389 4755 540 4835 irnpletie.
562 4756 823 4818 Hancsecnudam
839 4761 984 4819 rationem
1002 4756 1092 4817 tradit
1145 4761 1245 4821 Deum
1260 4760 1369 4820 notitia
1391 4757 1556 4832 amicabili,
1579 4760 1652 4837 quia
1666 4779 1725 4818 non
1740 4766 1842 4839 puteat

390 4852 425 4904 et
447 4843 581 4922 explieat
601 4845 790 4922 Augustinus
811 4844 864 4905 lib.
888 4845 926 4906 de
947 4846 1045 4924 grstia
1060 4853 1092 4903 et
1144 4847 1222 4908 inter
1248 4854 1308 4905 tam
1328 4845 1488 4906 dissimiles
1512 4846 1643 4907 amicitia
1668 4845 1841 4922 consistere,

387 4928 488 4991 libero
516 4929 657 5000 arbitrio,
683 4950 748 5012 cap.
778 4932 842 4991 ts:
874 4933 956 5006 Gur,
983 4932 1090 5010 inquit,
1143 4932 1174 4993 id
1201 4940 1246 4993 est
1269 4932 1345 4993 inter
1369 4933 1532 5006 bominem,
1559 4934 1612 5013 qui
1633 4931 1754 4994 bitrem
1779 4951 1840 4996 noa

390 5017 513 5079 erm
538 5024 601 5078 est.-
627 5018 809 5094 Dilipomtrs
833 5021 985 5095 samm,
1012 5020 1090 5096 quio
1144 5019 1268 5101 diligit,
1284 5029 1314 5082 et
1337 5019 1454 5093 Deum,
1480 5021 1591 5101 quint
1613 5023 1680 5102 ipsa
1701 5020 1839 5083 dilutior
