4442 5825
402 594 450 671 ιθ
917 595 1336 653 communicauerun-

443 768 513 830 Non
534 774 634 831 tamen
659 768 783 831 ferenda
809 778 854 832 est
872 771 984 833 Jacobi
1004 773 1095 833 Fabri
1148 793 1208 853 quo
1234 775 1400 854 particula:
1424 778 1527 853 poulo
1550 780 1674 852 minus,
1698 797 1719 837 ιι

400 857 562 929 temeritas,
585 857 647 941 qui,
671 856 753 939 quod
768 857 914 938 hocloco,
938 861 1094 919 etiterum
1147 860 1302 940 dignitatis
1325 861 1510 937 distantiam,
1538 884 1597 925 non
1628 873 1719 924 auten

399 942 490 1025 paulo
503 941 629 1003 iuferius
642 942 760 1006 Graece
773 953 832 1006 eat:
844 935 917 1024 παρ’
929 937 1093 1023 ἀγγέλους,
1147 948 1290 1027 temporis
1309 951 1452 1028 spatium,
1475 950 1628 1029 designat,
1652 970 1719 1030 quar

399 1030 585 1106 nicapolis,
608 1050 699 1091 ansus
722 1040 769 1093 est
782 1033 892 1094 Latine
914 1039 1049 1094 verteret
1072 1051 1093 1093 a
1147 1033 1217 1094 dum
1229 1053 1268 1095 ex
1284 1054 1375 1114 supra
1390 1036 1477 1096 dictis
1494 1037 1624 1116 intelligi
1640 1049 1719 1116 poter

399 1119 479 1192 Deo,
503 1115 655 1179 Graecum
677 1118 766 1179 Pauli
788 1120 981 1200 interpretem
1008 1139 1092 1200 socu-
1145 1119 1280 1203 {regatur
1303 1123 1393 1182 etism
1414 1125 1511 1184 versio
1535 1122 1671 1203 Syriaca,
1695 1143 1715 1204 q

398 1223 477 1276 sans,
489 1211 581 1284 atque
593 1205 683 1284 injus
694 1224 814 1279 vocans,
830 1205 919 1287 quod,
935 1225 1001 1266 oum
1012 1206 1091 1266 Pau·
1146 1207 1286 1268 sabulum
1310 1208 1401 1268 habet
1420 1209 1458 1270 sd
1482 1211 1697 1290 quantitatem,

396 1290 445 1352 lus
460 1291 631 1369 scripserit:
653 1293 792 1368 Elobim,
814 1303 928 1354 certum
943 1294 1023 1353 enim
1038 1313 1091 1373 pu·
1145 1304 1265 1373 tempus
1294 1297 1462 1375 pertinens,
1492 1299 1518 1358 si
1540 1298 1695 1358 Matthaeo

398 1385 452 1450 tat,
473 1377 511 1437 ab
533 1396 567 1437 eo
589 1377 741 1440 Hebraico
764 1380 904 1461 scriptam
927 1380 1004 1441 hanc
1018 1380 1091 1459 Epi·
1146 1380 1286 1442 creditur.

397 1463 520 1538 stolam,
547 1464 614 1542 ipse
642 1484 695 1543 pro
722 1467 790 1526 Deo
817 1468 855 1527 sit
877 1468 1092 1546 interpretatus
1188 1468 1228 1528 At
1245 1487 1316 1528 vero
1332 1467 1453 1529 diversa
1476 1479 1521 1531 est
1543 1471 1719 1532 sententia(

397 1552 535 1628 eupator.
558 1549 652 1632 Atqui
672 1551 750 1613 idem
766 1554 863 1614 Faber
878 1573 941 1633 cap.
961 1557 987 1615 1.
1003 1555 1093 1615 vertit
1144 1573 1218 1626 rum,
1246 1551 1404 1634 Origonis,
1427 1557 1597 1631 Athanasii,
1623 1555 1719 1636 Chrys

396 1639 543 1716 capnion
564 1641 608 1699 Et
622 1639 759 1701 odorant
774 1658 846 1701 eum
862 1659 970 1702 amnas
985 1641 1092 1716 aspele
1144 1648 1175 1700 et
1201 1642 1266 1719 ojus
1292 1645 1482 1721 sequacium,
1508 1646 1567 1703 imo
1590 1652 1621 1703 et
1644 1644 1678 1702 B.
1703 1645 1719 1704 'l

397 1727 469 1801 Dei,
492 1727 631 1804 quamvis
647 1734 678 1787 et
698 1726 775 1787 illud
789 1726 941 1788 Hebraico
956 1728 996 1789 sit
1010 1729 1091 1789 Eto-
1144 1728 1321 1806 Aquinatis,
1352 1739 1384 1790 et
1413 1731 1506 1809 ipsius
1537 1731 1718 1809 Augustini,

395 1815 468 1874 bim.
497 1812 689 1892 Respondet,
719 1833 782 1874 eam
815 1815 1091 1896 interpretationem
1145 1814 1280 1874 Thomas
1294 1813 1424 1895 allegat3
1440 1819 1606 1896 quicmnes
1620 1817 1719 1877 hanes

396 1900 465 1962 huic
485 1898 553 1959 loco
574 1918 634 1960 non
658 1920 748 1980 posse
770 1903 929 1962 ansanus
951 1921 988 1962 eo
1010 1901 1091 1982 quod
1144 1901 1277 1973 vitatem,
1301 1921 1356 1963 seu
1378 1904 1559 1981 parvitatem
1581 1904 1619 1962 ab
1641 1904 1719 1983 Aper

396 1987 495 2066 palam
532 1984 708 2048 adversetur
741 1988 899 2050 intentioni
934 1989 1090 2063 Paulinae,
1143 1986 1333 2067 gnificatam,
1364 1988 1403 2048 ad
1428 1999 1547 2070 tempus
1572 1989 1714 2049 referunt

396 2092 475 2155 quae
490 2081 545 2146 est,
568 2072 716 2136 Christum
740 2074 831 2155 louge
851 2093 945 2157 supra
966 2076 1091 2154 angelos
1143 2076 1234 2135 etiam
1249 2084 1367 2136 secutus
1382 2076 1533 2149 Erasmus,
1557 2078 1646 2135 vertit
1661 2076 1718 2135 hoc

396 2159 558 2232 extollere,
585 2175 674 2239 quem
696 2164 757 2224 ists
781 2163 987 2242 interpretatio
1012 2160 1091 2223 inira
1143 2162 1259 2222 Fecisti
1282 2181 1353 2222 mm
1372 2163 1540 2239 paulisper
1561 2165 1716 2241 inferiore

394 2246 521 2328 angelos
537 2246 684 2327 deprimit.
1142 2249 1226 2322 palis.
1251 2247 1342 2327 Quod
1357 2249 1401 2308 ita
1415 2258 1584 2327 exponunt:
1601 2248 1650 2308 Ad
1662 2248 1719 2310 bre

437 2332 500 2396 eeu
520 2334 670 2414 quomodo
692 2355 885 2417 nequaquam
908 2335 1089 2410 adversatam,
1143 2352 1206 2412 pus,
1228 2335 1340 2395 scilieet
1355 2334 1483 2396 durante
1498 2339 1631 2415 corporis
1647 2337 1714 2413 ojus

392 2421 483 2483 iacils
507 2439 562 2482 nos
584 2441 624 2483 ex
649 2425 868 2484 commentariis
895 2433 926 2484 et
951 2421 1090 2484 doctrina
1141 2420 1228 2481 litate
1250 2430 1280 2482 et
1301 2424 1448 2502 passione
1473 2442 1509 2482 aa
1530 2422 1632 2482 triduo
1656 2442 1719 2502 sept

392 2510 518 2570 Petrum
534 2508 731 2571 ostendemus
758 2510 837 2570 Nam
860 2519 987 2583 caetera,
1011 2528 1090 2588 quae
1142 2527 1202 2586 quo
1223 2511 1333 2568 mansit
1348 2510 1379 2571 in
1393 2518 1496 2582 morte,
1513 2509 1643 2580 voluisti,
1660 2529 1719 2570 eun

392 2595 495 2657 Faber
510 2594 621 2673 objicit,
645 2596 683 2656 ab
697 2596 825 2657 birasmo
847 2603 909 2657 tam
928 2598 959 2657 in
974 2593 1085 2674 Apolo·
1141 2593 1179 2653 lis
1195 2614 1260 2654 esse
1274 2596 1426 2667 minorem,
1442 2595 1541 2669 idest,
1557 2595 1634 2656 infra
1649 2617 1719 2673 ango

391 2683 451 2763 gia,
467 2701 558 2760 qnam
571 2683 602 2741 in
615 2683 867 2754 auuomtionibns,
883 2684 1008 2762 copiose
1020 2691 1090 2745 sunt
1137 2682 1261 2759 jectum,
1277 2689 1338 2742 um
1350 2681 1520 2742 conditione
1533 2682 1719 2744 mortalitatis

391 2766 530 2830 refutata.
561 2768 694 2829 Tantum
720 2767 797 2830 illud
823 2768 952 2847 adjicio,
978 2769 1088 2850 Syrum
1141 2768 1240 2840 sionis,
1255 2787 1274 2828 a
1287 2768 1703 2850 quaslieuaestsngalorum

392 2857 583 2935 interpretem
615 2856 777 2937 utrobique
802 2857 932 2932 eupales
957 2865 1086 2920 transtu·
1140 2874 1229 2935 quarn
1266 2855 1382 2934 vulgari
1420 2854 1571 2917 bominum
1608 2859 1719 2918 existirr

391 2944 472 3005 lissa
495 2943 597 3015 Porro,
624 2942 704 3023 quod
727 2963 782 3006 nos
804 2942 961 3005 habemus:
987 2946 1088 3022 paulo
1141 2961 1217 3021 quos
1233 2940 1286 3002 illa
1302 2943 1399 3002 carnis
1423 2944 1487 3022 ejus
1503 2944 1661 3004 infirmitas
1677 2953 1707 3004 et

391 3034 509 3105 minus,
533 3028 652 3091 Graeco
667 3044 730 3091 est:
754 3024 852 3107 βραχύ
868 3048 907 3108 τι,
931 3031 1012 3111 quod
1028 3034 1087 3093 La·
1140 3030 1188 3089 nis
1205 3029 1369 3106 ignominia
1380 3049 1441 3089 non
1457 3030 1575 3091 sinebat
1589 3031 1628 3092 de
1643 3052 1678 3092 eo
1695 3053 1719 3092 m

391 3119 454 3178 tine
469 3124 571 3178 sonat:
594 3117 687 3178 Meos
707 3115 796 3195 quid.
820 3118 929 3179 Potest
942 3127 1042 3180 autam
1058 3126 1089 3179 st
1140 3115 1256 3192 aliquid
1272 3116 1398 3192 opinari.
1425 3116 1487 3176 Sed
1509 3127 1625 3197 tempus
1649 3117 1719 3178 illud

392 3203 432 3267 ad
446 3210 575 3282 tempus,
591 3211 621 3264 ot
632 3202 671 3264 ad
681 3202 914 3286 magnitudinem
926 3224 979 3267 seu
991 3205 1087 3285 digui-
1140 3202 1273 3261 rectione
1289 3201 1402 3262 finitum
1421 3212 1475 3275 est,
1498 3212 1528 3263 et
1543 3225 1579 3265 ex
1596 3223 1631 3264 eo
1651 3205 1715 3283 jam

392 3298 483 3352 tatem
510 3290 630 3363 referri,
657 3292 734 3351 siout
760 3300 791 3352 et
812 3290 958 3354 Hebraea
980 3291 1088 3353 dictio:
1140 3288 1265 3368 impleri,
1281 3287 1360 3368 quod
1376 3289 1425 3349 hic
1441 3292 1591 3369 sequitur:
1610 3293 1719 3354 Gloria

391 3385 493 3453 meat,
525 3397 604 3459 quae
632 3380 663 3440 in
689 3378 810 3442 Psalmo
837 3378 958 3457 legitur.
996 3377 1087 3457 Quod
1135 3393 1219 3436 nors
1234 3378 1396 3436 coronasti
1411 3394 1483 3436 eum
1499 3387 1554 3437 etc.

390 3471 554 3544 unumque
576 3484 682 3525 runca
703 3464 847 3528 adversus
869 3466 1013 3538 Fabrum,
1036 3485 1086 3528 ne·
1183 3462 1242 3521 Pro
1268 3461 1326 3522 hee
1346 3461 1531 3523 Graecorum
1556 3466 1719 3543 exposition

391 3560 520 3632 gentem,
544 3550 583 3611 de
603 3551 753 3614 brevitate
772 3553 917 3632 temporis
940 3571 977 3614 ea
997 3571 1086 3613 voea-
1139 3549 1284 3627 imprimis
1310 3550 1404 3627 ipsius
1431 3547 1573 3628 Apostoli
1600 3551 1719 3629 subjunr

390 3638 462 3700 bula
479 3638 578 3715 accipi
593 3656 690 3717 posse,
712 3638 792 3700 bena
807 3639 916 3717 probat
930 3639 1086 3700 Erasmus.
1140 3636 1273 3695 claratio.
1302 3635 1370 3696 Non
1393 3637 1472 3696 enim
1493 3639 1566 3717 quia
1581 3635 1719 3697 Christus

432 3726 528 3804 Igitur
550 3722 673 3803 quidam
696 3724 735 3785 ad
751 3725 928 3805 dignitatem
944 3725 1086 3798 referunt,
1139 3720 1238 3782 iactus
1254 3731 1308 3794 ost,
1325 3720 1378 3781 sed
1393 3724 1466 3802 quia
1481 3725 1650 3802 passionem
1668 3745 1718 3786 mo

389 3811 448 3873 hoc
462 3830 568 3872 sensu:
591 3810 706 3871 Fecisti
721 3830 787 3873 eum
802 3812 919 3890 angelis
935 3811 1027 3892 paulo
1043 3814 1086 3874 in·
1140 3808 1254 3880 stianit,
1277 3807 1333 3868 sub
1357 3828 1418 3887 qua
1440 3817 1503 3869 tota
1524 3811 1589 3889 ejus
1610 3812 1718 3871 mortal

389 3898 537 3971 seriorem,
559 3896 704 3958 videlicet
725 3898 826 3977 quoad
848 3899 1011 3960 humanam
1033 3921 1086 3961 na·
1139 3893 1371 3974 telligtndtott,
1388 3915 1454 3954 eum
1471 3897 1676 3973 paulominus
1692 3899 1719 3958 al

390 3994 497 4058 turam,
524 4005 585 4066 qua
609 4004 678 4044 oum
703 3985 833 4047 induisti.
860 3987 935 4046 Nam
958 3985 1087 4047 humana
1138 3983 1176 4044 lis
1191 3983 1370 4041 minoratum
1386 3983 1545 4061 significat.
1570 3983 1660 4062 Quod
1675 3995 1707 4046 et

389 4079 504 4145 natura,
519 4072 656 4152 quamvis
671 4072 825 4134 intellectu
840 4074 978 4153 praedita
993 4074 1040 4145 sit,
1056 4080 1088 4133 et
1139 4071 1202 4129 rius
1228 4077 1315 4147 urget
1341 4069 1420 4128 inter
1447 4070 1524 4142 alia,
1553 4069 1619 4130 looo
1642 4074 1706 4151 jam

389 4157 430 4220 ad
445 4159 605 4238 imaginem
621 4159 682 4218 Dei
698 4158 829 4233 condita,
848 4160 926 4221 mont
939 4160 1085 4239 angelica,
1140 4154 1228 4235 Quod
1245 4156 1272 4214 si
1288 4156 1465 4215 minoratum
1481 4156 1632 4235 intelligas
1655 4160 1719 4218 rati·

389 4267 449 4308 non
470 4252 572 4307 umen
588 4245 743 4325 angelicae
766 4246 981 4308 excellentiam
997 4254 1083 4307 natu·
1140 4251 1224 4302 turae
1239 4250 1419 4320 assumptae,
1441 4262 1507 4302 oum
1531 4263 1595 4303 eam
1619 4264 1719 4326 numqr

389 4354 443 4395 rae
463 4332 641 4413 assequitur,
664 4335 842 4395 maximati
865 4339 1020 4412 spectetur
1040 4352 1087 4393 se·
1139 4328 1329 4401 dimissurus,
1354 4348 1542 4408 consequens
1565 4333 1635 4403 erit,
1664 4340 1697 4391 ut

389 4418 518 4482 cundum
527 4417 728 4480 conditionem
736 4419 1016 4490 susemortalitatia.
1025 4417 1088 4479 Hic
1139 4413 1256 4494 angelis
1271 4415 1367 4475 minor
1381 4426 1540 4488 remaneat,
1557 4416 1638 4495 quod
1651 4437 1718 4478 esse

389 4525 496 4569 sensns
511 4506 627 4567 Latinis
641 4507 799 4587 plerisque
813 4506 936 4587 placuit
950 4503 1041 4567 Unde
1056 4513 1088 4567 st
1139 4521 1264 4581 scopum
1287 4499 1435 4580 Apostoli,
1458 4505 1560 4562 atatim
1581 4524 1618 4565 cx
1640 4525 1716 4585 sequ

388 4594 578 4674 Augustinus
601 4591 640 4653 de
661 4594 790 4673 symbol.
813 4594 865 4655 lib.
882 4596 911 4653 2.
928 4611 994 4671 oap.
1011 4596 1041 4654 4.
1057 4599 1089 4653 st
1139 4588 1301 4669 apparebit.
1332 4586 1466 4661 Deinde,
1490 4590 1517 4648 si
1533 4600 1653 4669 proptor
1668 4611 1719 4671 pas

389 4680 553 4760 Gregorius
575 4680 653 4741 hom.
669 4680 698 4739 8.
721 4699 813 4761 super
833 4679 946 4741 Eaeob.
970 4697 1008 4741 ex
1030 4678 1088 4739 hoo
1138 4676 1240 4735 mortis
1266 4674 1304 4735 ab
1330 4674 1445 4753 angelis
1471 4676 1563 4757 paulo
1589 4679 1719 4738 minorat

388 4765 527 4847 Apostoli
542 4767 609 4828 loco
623 4764 741 4839 docent,
758 4767 905 4829 Christum
923 4764 1088 4828 secundum
1140 4770 1174 4822 ut
1189 4762 1256 4821 vult
1271 4762 1447 4841 Apostolus,
1471 4782 1542 4843 ergo
1565 4783 1624 4825 non
1646 4784 1719 4844 paru

389 4863 571 4934 assumptam
586 4855 805 4916 humanitatem
819 4853 934 4933 angelis
950 4869 1017 4914 esse
1032 4852 1086 4912 mi·
1140 4847 1266 4908 multum
1291 4847 1369 4910 inira
1396 4868 1446 4908 eos
1472 4849 1611 4929 dejectus
1634 4858 1695 4922 est,

388 4960 501 5002 norem.
529 4940 634 5021 Atque
655 4940 736 5003 huno
757 4958 879 5002 aonam
900 4937 1088 5019 probabilem
1139 4934 1217 4995 iufra
1232 4935 1382 5009 hominem
1406 4933 1480 4995 adeo
1498 4945 1531 4995 ut
1546 4939 1611 5016 ipse
1625 4946 1719 5018 propo

389 5026 490 5091 reddit
514 5026 642 5091 literalis
673 5025 875 5110 intelligentia
900 5024 1030 5105 Psalmi,
1056 5025 1089 5089 in
1140 5039 1262 5085 oausam
1271 5030 1480 5103 conqueratur,
1489 5023 1719 5088 stdioatiuPsal
