4442 5825
734 566 897 623 ermom
914 569 932 623 l.
949 567 1038 624 Bllll'l
1053 567 1148 624 l’lillll.
1182 566 1267 623 lm.
1286 568 1325 623 lh.
1348 568 1387 622 ll.
1707 572 1780 645 545

371 743 434 805 ima
463 738 589 823 Christi,
619 745 764 807 moriente
792 765 896 818 carne,
926 748 1032 808 vivens
1084 745 1185 807 Locus
1214 745 1263 806 hic
1294 745 1423 806 omniurn
1453 762 1552 824 paene
1585 743 1782 825 interpretum

371 832 519 908 manus,
535 832 657 914 quando
672 852 729 894 nec
744 834 774 893 in
785 835 923 913 pessimis
938 833 1030 895 homi·
1080 833 1195 913 judicio
1215 831 1422 905 difficillimus,
1449 830 1590 911 idemque
1612 837 1675 891 tam
1697 832 1783 892 varie

371 934 418 979 sus
432 918 537 979 anima
551 919 700 980 moritur?
731 928 764 980 ut
779 941 856 1000 ques
872 928 978 981 natura
994 922 1033 981 sit
1084 921 1254 1001 expositus,
1270 926 1304 978 ut
1318 939 1427 979 novem
1443 918 1510 997 ejus
1522 918 1783 996 interpretationes

371 1002 519 1065 mortalis.
554 1004 659 1085 Quare
674 1026 729 1067 nse
751 1006 826 1068 facit
841 1006 880 1067 sd
896 1006 1030 1068 consola·
1084 1014 1241 1069 rsosnseet
1266 1005 1358 1067 Joan.
1403 1006 1550 1078 Lorinus,
1580 1002 1689 1083 quihus
1716 1005 1783 1083 ipse

371 1108 445 1153 uam
460 1092 588 1172 piorum,
611 1095 664 1174 qui
688 1093 737 1155 hic
756 1095 934 1174 affliguntur,
951 1092 1032 1174 quod
1084 1114 1169 1156 suam
1184 1092 1269 1153 addit
1284 1091 1446 1168 decimam,
1469 1092 1588 1152 tametsi
1611 1108 1667 1151 nec
1681 1111 1782 1152 omues

371 1185 399 1240 st
413 1188 543 1240 mortem
554 1181 707 1261 supersint
721 1200 823 1243 eorum
834 1183 960 1257 animae,
975 1183 1031 1241 uisi
1084 1182 1225 1259 attigerit.
1263 1179 1349 1239 Unus
1375 1180 1466 1240 Arias
1491 1178 1656 1238 Montanus
1682 1177 1782 1239 locum

371 1264 451 1327 stiur
465 1263 570 1345 aliqua
590 1268 657 1328 rita
679 1277 818 1329 secutura
837 1269 878 1329 sit
893 1266 1031 1348 exemplo
1085 1267 1239 1328 intellectu
1255 1265 1375 1326 lacilsm
1392 1285 1459 1327 essa
1474 1262 1644 1336 contendit,
1664 1284 1722 1325 nec
1737 1274 1779 1325 ta·

371 1350 460 1413 nisti:
476 1351 557 1433 quod
572 1352 622 1413 hic
638 1356 825 1434 proponitur.
1084 1374 1152 1415 men
1168 1373 1253 1413 suum
1270 1353 1514 1413 commentarium
1537 1370 1648 1412 novum
1671 1372 1707 1412 ac
1721 1353 1781 1414 sin·

371 1435 509 1499 Proinde
540 1439 650 1501 melius
686 1442 864 1523 intelligitur
893 1440 1031 1503 Christus
1084 1440 1233 1521 gularem,
1261 1459 1350 1519 quens
1372 1438 1488 1514 sdisrt,
1509 1439 1577 1498 aliis
1599 1436 1690 1498 facile
1714 1457 1782 1518 per·

371 1522 515 1603 sistuntur
528 1529 661 1603 spiritu,
693 1529 723 1588 id
748 1537 795 1589 est
817 1529 930 1601 anima,
958 1529 1032 1608 quia
1084 1528 1222 1588 suaserit.
1260 1527 1325 1587 Nos
1352 1524 1469 1607 quidem
1496 1525 1687 1605 paucioribus
1710 1526 1782 1586 reci·

371 1620 430 1673 ltus
445 1620 492 1673 est
506 1613 538 1673 in
553 1615 689 1694 spiritum
713 1615 934 1688 vivificantem,
962 1623 1032 1675 tunc
1085 1613 1184 1674 tendis
1194 1615 1306 1674 erimus
1316 1616 1458 1673 contenti.
1482 1611 1542 1672 Sed
1550 1613 1783 1693 primumipsius

371 1696 467 1772 licet,
495 1698 618 1780 qnando
641 1720 660 1759 a
682 1710 776 1763 nrorte
800 1703 967 1763 resurrexit
993 1700 1032 1761 ad
1085 1709 1186 1762 textus
1201 1721 1273 1760 vora
1291 1699 1382 1760 lectio
1404 1699 1612 1761 constituenda
1627 1707 1683 1760 est
1722 1699 1783 1760 Pro

371 1804 426 1849 am
451 1786 666 1864 immortalem,
690 1787 937 1867 quemadmodum
952 1788 1030 1848 Pau·
1085 1806 1209 1848 earcere
1240 1787 1361 1867 quidam
1393 1787 1513 1847 codices
1543 1805 1639 1847 came
1669 1786 1782 1866 legunt,

371 1871 530 1955 lloquitur
553 1872 652 1935 lOor.
671 1875 736 1935 1o.:
758 1877 875 1938 Factus
896 1883 940 1935 cst
958 1878 1031 1952 pri·
1085 1893 1215 1954 eamque
1242 1875 1399 1934 lectionem
1426 1873 1510 1934 Beda
1536 1875 1673 1954 exponit,
1709 1873 1783 1934 licet

371 1977 401 2021 ss
415 1959 525 2020 Adam
545 1962 581 2021 io
603 1965 750 2022 animum
775 1966 949 2036 viventem,
971 1980 1032 2023 no·
1084 1962 1207 2022 alteram
1235 1981 1356 2041 qnoque
1379 1981 1438 2021 non
1461 1962 1685 2041 praetermittat.
1720 1958 1782 2021 Sed

371 2048 479 2109 simus
502 2047 607 2108 Adam
629 2051 666 2110 in
689 2052 836 2126 spiritam
864 2049 1031 2126 vivifican·
1084 2057 1187 2108 tamen
1202 2049 1373 2109 mendosam
1390 2067 1464 2120 esse,
1480 2056 1604 2122 constat,
1620 2047 1781 2108 reclaman-

371 2152 402 2195 ιι.
437 2131 509 2213 Quo
532 2134 615 2208 loco,
639 2140 778 2215 quamvis
795 2134 901 2197 Graeci
925 2143 1030 2196 tracto·
1084 2134 1163 2195 tibus
1192 2155 1253 2196 non
1283 2135 1378 2195 solum
1409 2132 1586 2215 plerisque,¹
1607 2134 1781 2214 praesertim

371 2238 411 2282 us
449 2239 505 2301 per
538 2224 686 2298 spiritum
724 2222 886 2304 significari
923 2233 1032 2303 patent
1083 2223 1221 2294 vetustis,
1240 2220 1357 2281 Latinis
1371 2220 1604 2301 exemplaribus,
1623 2223 1693 2282 item
1705 2220 1780 2283 His·

371 2308 480 2369 iritum
508 2317 659 2383 mustum,
697 2310 799 2370 Latini
833 2318 934 2370 tamen
971 2309 1032 2370 iere
1084 2329 1225 2388 ronymo,
1256 2309 1425 2388 Augustino
1456 2316 1487 2367 et
1512 2307 1580 2369 aliis
1610 2307 1781 2368 auctoribus

371 2400 567 2476 repretsntnr
583 2395 620 2455 de
641 2397 741 2457 anima
756 2396 902 2474 humuns;
929 2406 963 2456 ut
976 2399 1031 2475 fa·
1084 2416 1176 2477 supra
1191 2397 1305 2473 citatis3
1328 2414 1431 2454 verum
1448 2396 1538 2455 etiam
1554 2402 1638 2454 textu
1654 2393 1781 2468 Graeco,

371 2500 393 2543 ts
408 2479 532 2541 dicatur
548 2481 684 2542 Christus
706 2486 743 2544 in
758 2486 906 2559 spiritum
924 2483 1029 2561 vivill-
1084 2484 1138 2564 qui
1163 2482 1255 2542 habet
1275 2474 1307 2539 ἐν
1331 2478 1474 2560 φυλακῇ,
1500 2485 1535 2542 in
1559 2481 1703 2542 custodia
1726 2500 1781 2541 seu

371 2575 475 2644 usur,
504 2566 535 2627 id
562 2576 612 2628 est
633 2568 746 2631 hahens
770 2571 909 2650 spiritum
936 2571 1031 2629 vivifi·
1085 2588 1218 2632 carcer-e.

371 2664 466 2726 uem,
493 2653 616 2734 quando
638 2657 738 2717 anima
761 2659 827 2737 ejus
853 2658 953 2738 coepit
968 2677 1031 2738 per·
1127 2655 1216 2737 Quod
1249 2675 1321 2715 vero
1348 2655 1439 2715 Joan.
1466 2653 1611 2715 Calvinus
1639 2646 1779 2733 φυλακὴν

371 2758 452 2803 mam
492 2752 523 2801 st
552 2743 751 2804 immortalem
787 2746 878 2804 rilem
917 2745 1033 2825 corpori
1082 2745 1296 2824 interpretetur
1317 2743 1495 2818 speculum,
1524 2749 1555 2801 et
1577 2740 1630 2801 alii
1658 2739 1780 2822 quidam

371 2830 425 2891 ius
440 2827 687 2902 subministrare,
703 2829 816 2911 absque
828 2831 963 2891 subsidio
976 2830 1029 2890 oli·
1084 2831 1229 2893 excubias
1237 2852 1249 2908 ‚-
1272 2831 1329 2890 etsi
1342 2850 1402 2890 non
1417 2848 1578 2907 negamus,
1602 2828 1678 2889 haee
1692 2827 1780 2889 etiarn

371 2917 438 2988 nti,
462 2923 619 2996 tamquam
633 2938 688 2998 per
703 2938 737 2979 so
752 2918 791 2977 ad
806 2921 898 2978 vitam
915 2919 1031 2999 corpori
1085 2919 1201 2981 Graeca
1228 2938 1302 2978 voce
1330 2917 1506 2996 significari,
1531 2924 1564 2975 ut
1590 2917 1695 2977 Matth.
1723 2918 1780 2989 14,

371 3000 849 3087 wstsndsmconservandumque
864 3005 1030 3081 sufficiens3
1083 3006 1133 3066 ubi
1149 3006 1278 3081 legimus
1295 3012 1444 3081 quartum
1461 3004 1605 3079 viqiliom
1622 3007 1734 3079 auctu,
1751 3012 1780 3063 et

371 3134 377 3166 ,
400 3089 487 3170 quod
501 3091 585 3168 prius
600 3098 666 3152 erat
687 3111 795 3171 corpus
820 3093 964 3165 animale,
987 3091 1029 3152 fa·
1083 3093 1185 3151 Lucae
1203 3095 1260 3162 12,
1278 3090 1328 3150 nbi
1346 3089 1510 3151 secundam
1527 3099 1558 3150 et
1570 3090 1686 3150 tertiam
1703 3090 1778 3169 vigi·

371 3195 409 3237 uu
426 3173 913 3258 iuerithacrotionaspiritua103
930 3198 1030 3258 quem·
1082 3179 1168 3240 liam:
1184 3178 1277 3238 multo
1288 3185 1390 3238 teman
1411 3178 1554 3237 usitatius
1571 3180 1599 3235 iu
1616 3176 1779 3256 Scripturis

371 3261 493 3324 modum
516 3262 548 3323 id
575 3284 593 3323 a
618 3264 704 3325 nobis
734 3268 904 3345 expositum
927 3275 974 3325 est
999 3267 1030 3325 in
1082 3266 1228 3344 accipitur
1248 3284 1300 3344 pro
1325 3283 1457 3325 carcere.
1495 3265 1536 3324 Et
1554 3261 1665 3323 alicubi
1688 3264 1779 3324 etism

371 3367 398 3409 rs
412 3346 474 3409 loci
490 3352 718 3423 commentario,
735 3360 765 3411 et
780 3354 810 3412 in
827 3354 854 3412 2.
868 3362 940 3413 sent.
959 3353 1029 3413 dist.
1083 3353 1122 3413 do
1137 3370 1254 3411 carcere
1277 3350 1416 3412 infernali
1441 3351 1563 3422 dicitur,
1585 3349 1671 3409 velut
1687 3351 1779 3430 Apoc.

371 3447 385 3495 l.
415 3435 477 3516 Qui
492 3455 599 3498 seusus
614 3436 686 3498 huic
709 3437 774 3497 loco
789 3437 867 3500 beno
884 3441 1030 3511 convenit,
1084 3441 1149 3500 20.:
1177 3439 1323 3500 Soloclur
1346 3439 1486 3499 Salassos
1507 3437 1545 3496 dc
1567 3455 1690 3497 carcere
1711 3455 1778 3499 suo.

380 3522 563 3600 vivificatas
583 3526 700 3601 spiritu
717 3526 859 3588 Christus
881 3526 1029 3605 intelliga-
1082 3526 1148 3587 Neo
1163 3526 1201 3586 ob
1217 3523 1301 3584 alind
1315 3524 1458 3585 Calvinus
1474 3524 1512 3585 ad
1531 3523 1691 3599 speculam
1708 3544 1777 3586 con·

371 3626 449 3690 sper
463 3613 727 3686 resurrectionem,
754 3613 827 3692 quia
842 3623 914 3673 tunc
928 3615 1030 3673 vivore
1082 3613 1176 3692 legit,
1200 3631 1289 3691 quom
1312 3612 1385 3691 quis
1407 3632 1466 3672 non
1488 3611 1514 3670 ei
1533 3611 1633 3689 placet
1647 3610 1777 3672 Catholi-

371 3696 436 3776 epit
449 3698 514 3758 vita
528 3697 706 3773 immortali,
722 3697 761 3759 ad
777 3719 868 3778 quam
884 3699 949 3760 sola
964 3702 1030 3759 sino
1082 3719 1149 3759 oum
1164 3697 1289 3777 dogma,
1305 3698 1423 3779 aliquas
1439 3697 1574 3758 fidelium
1586 3698 1701 3776 piorum
1716 3698 1777 3758 ani·

371 3777 466 3842 borum
480 3784 669 3846 adminiculis
684 3785 714 3845 ei
729 3785 898 3846 sufficiebat
911 3789 1030 3846 animae
1081 3807 1163 3856 mas,
1187 3789 1252 3845 sive
1275 3784 1425 3864 quondam
1447 3783 1645 3845 antechristi
1668 3784 1777 3845 adven·

371 3871 521 3948 meutia3
544 3871 626 3951 quod
650 3877 681 3930 et
703 3872 734 3931 in
756 3872 880 3953 reliquis
895 3871 1029 3932 sutorum
1081 3881 1159 3949 tum3
1186 3874 1249 3931 sive
1272 3892 1366 3947 nunc,
1393 3870 1474 3953 apud
1501 3870 1614 3932 interos
1641 3870 1777 3932 detineri.

371 3954 519 4032 telestis,
544 3977 669 4036 quorum
689 3962 853 4035 primitiae
878 3960 1028 4033 Christus,
1081 3960 1160 4020 Nam
1182 3960 1326 4033 speculae
1349 3958 1523 4038 significatio
1544 3947 1696 4036 praesenti
1712 3958 1778 4019 loco

371 4053 379 4096 t
397 4039 497 4104 itidem
519 4043 635 4105 dicitur.
668 4043 788 4106 Iudicat
809 4047 888 4107 hunc
910 4064 1029 4106 sensum
1082 4064 1188 4126 parum
1204 4052 1275 4123 apte
1291 4044 1433 4125 quadrat,
1453 4054 1486 4104 ut
1501 4044 1577 4105 infra
1592 4041 1777 4105 demonstra·

371 4125 527 4205 pipiantes
542 4131 658 4193 haeresi
674 4133 724 4192 hl.
756 4131 914 4212 Quomodo
931 4141 1029 4192 autern
1081 4133 1189 4193 bimus.

371 4208 504 4294 kssnsus
519 4219 609 4278 otiam
629 4218 759 4298 quadrat
781 4239 846 4279 curn
869 4240 920 4292 eo,
948 4218 1030 4298 quod
1125 4217 1298 4278 Notandum
1325 4229 1498 4296 practerea,
1520 4218 1549 4276 in
1574 4215 1691 4279 Graeco
1713 4226 1777 4280 tsn-

371 4298 482 4376 urim,
511 4305 604 4384 paulo
629 4313 698 4385 post
726 4305 902 4366 videbimus.
940 4305 1029 4366 Certe
1082 4316 1143 4365 tum
1160 4305 1235 4385 legi:
1259 4297 1376 4372 coicis
1394 4301 1519 4383 φυλακῇ
1535 4298 1700 4383 πνεύμασι,
1729 4308 1778 4381 iis,

371 4391 551 4463 *spiritum
565 4391 615 4452 hic
630 4390 757 4472 intelligi
768 4395 896 4453 animam
908 4391 1029 4465 Christi,
1083 4394 1139 4470 qui
1154 4395 1190 4451 in
1206 4410 1348 4466 carcere,
1365 4391 1544 4470 spiritibus,
1562 4401 1596 4451 ut
1610 4391 1659 4454 vel
1675 4398 1778 4468 erant,

371 4475 425 4529 Mi
450 4497 504 4538 uos
534 4479 602 4559 ipsa
631 4478 802 4552 antithesis,
838 4498 929 4557 quam
959 4479 1030 4539 facit
1084 4478 1135 4537 vel
1160 4487 1251 4554 sunt,
1280 4480 1311 4538 in
1337 4480 1447 4539 Latina
1473 4479 1611 4538 versione
1636 4478 1780 4560 suppleri,

371 4561 620 4637 summeurae
632 4567 822 4642 suspirium,-
839 4565 927 4625 doeet
936 4567 1029 4626 etiam
1082 4584 1206 4625 necesso
1233 4568 1281 4625 sit.
1319 4566 1359 4624 Et
1384 4566 1522 4647 quamvis
1545 4564 1679 4627 nonnulli
1705 4573 1781 4629 sunt

371 4671 388 4702 ¹r
404 4649 485 4724 quod
499 4653 641 4712 contiuuo
657 4653 807 4733 sequitur,
830 4650 982 4713 Christum
999 4653 1029 4712 in
1082 4652 1280 4731 supplendum
1296 4662 1419 4731 putent,
1445 4651 1539 4712 multo
1555 4653 1662 4714 melius
1679 4662 1780 4715 tamon

371 4733 513 4816 *spiritu
535 4737 699 4820 proiectum
722 4737 819 4800 inisse
840 4738 879 4799 ad
905 4740 1028 4813 animas,
1082 4748 1183 4799 noster
1208 4741 1370 4818 interpres,
1397 4748 1430 4800 ut
1452 4748 1482 4800 at
1504 4740 1555 4799 alii
1578 4740 1644 4800 lare
1667 4760 1781 4814 omnes,

371 4815 412 4869 Μ
426 4833 512 4886 ment
526 4827 558 4887 in
572 4845 702 4887 carcere.
1083 4833 1176 4885 eraut
1191 4824 1418 4904 suppleverunt.
1456 4826 1535 4886 Nem
1553 4827 1680 4888 verbum
1695 4846 1780 4907 prae-

375 4891 429 4966 19·
451 4911 493 4973 ln
519 4930 582 4990 quo
608 4918 638 4973 ct
659 4914 723 4988 llis,
759 4915 814 4989 qui
840 4914 876 4972 io
905 4929 1029 4972 carcerc
1083 4913 1162 4972 toriti
1189 4914 1332 4993 temporis
1358 4913 1560 4991 praedica-vil
1589 4913 1779 4995 supplemen-

371 4987 445 5072 ΒΜ,
471 4998 635 5076 spiritihm
659 5002 791 5060 venicus
819 4998 1028 5076 praedicavit.
1083 5007 1146 5059 tum
1163 4999 1297 5079 postulat
1318 5001 1461 5080 temporis
1485 5000 1665 5078 consimilis,
1688 5009 1782 5063 creat

379 5093 454 5154 'sss
470 5112 537 5155 ιιιιι
554 5117 630 5157 cm.
644 5115 699 5155 τοι.
714 5114 750 5155 m.
1533 5106 1574 5167 35
