4442 5825
405 613 478 680 1⁰4
911 601 1284 681 cousrmsuusucsr.
1301 604 1331 658 v.

404 801 464 864 qua
476 799 516 843 ex
527 781 583 843 hac
594 782 766 842 infirmitate
777 780 925 862 pontificis
936 778 1095 858 colligitur,
1148 780 1266 861 plenius
1288 779 1422 862 explicat
1443 782 1510 860 ipse
1525 777 1696 860 Apostolus
1720 797 1788 860 esp.
1809 782 1843 856 l,

403 888 470 931 eum
496 869 607 929 debere
638 889 691 948 pro
722 869 783 928 suis
813 869 923 928 offerre
952 868 1095 948 peccatis
1149 868 1187 928 ab
1204 867 1264 928 illis
1279 869 1396 931 verbis:
1426 869 1513 928 Telis
1535 869 1622 928 enim
1644 867 1778 928 decebat
1791 877 1843 929 etc

402 954 492 1038 Quod
514 974 704 1035 nequaquam
728 962 809 1014 esset
830 972 1033 1034 consequens,
1061 954 1096 1027 si,
1148 954 1300 1035 usquead
1315 954 1402 1014 tinem
1419 954 1534 1035 capitis.

402 1041 482 1123 quod
493 1041 631 1102 nonnulli
643 1041 757 1115 volunt,
768 1042 965 1118 infirmitatis
976 1041 1095 1100 nomine
1190 1043 1220 1102 4.
1244 1043 1306 1102 Nee
1317 1043 1484 1118 quisquam
1496 1041 1592 1100 sumit
1602 1040 1664 1101 sibi
1675 1042 1845 1122 bonorem

400 1129 522 1188 miseria
537 1136 650 1188 tantum
668 1137 699 1188 et
721 1129 840 1189 afflictio
860 1128 990 1188 dolorem
1014 1125 1092 1187 adfe·
1147 1127 1202 1189 ted
1214 1130 1268 1205 qui
1280 1136 1413 1190 vocatur
1424 1131 1533 1201 aDeo,
1546 1135 1715 1204 torrrthm
1725 1135 1844 1192 Aaron

400 1235 468 1276 rens
483 1215 707 1295 significaretur.
744 1216 788 1274 Et
811 1215 933 1295 quidem
950 1213 987 1274 de
1002 1213 1095 1290 intir-
1148 1215 1358 1276 Pontificatum
1381 1222 1471 1274 vocat
1492 1215 1665 1290 bonorem,
1694 1217 1768 1295 quia
1784 1214 1844 1278 rad·

399 1305 508 1362 mitcte
529 1305 649 1378 peceati
671 1302 768 1361 locum
788 1301 868 1362 hunc
884 1301 1094 1361 Theodoroms
1148 1300 1193 1362 dit
1214 1301 1361 1363 hominem
1384 1301 1601 1362 honorabilem.
1640 1302 1700 1361 Est
1718 1313 1751 1364 et
1767 1303 1845 1378 basa

399 1397 430 1449 et
444 1386 643 1449 Oscumeuius
658 1388 769 1449 diserte
780 1396 940 1468 exponunt,
957 1387 1095 1466 idemque
1147 1390 1260 1469 inquit,
1285 1388 1410 1467 legitimi
1427 1387 1579 1467 pontilicis
1602 1390 1792 1468 proprietas,
1816 1397 1845 1451 ct

398 1474 541 1556 probatur
556 1494 595 1535 ex
610 1495 676 1556 cap.
694 1477 737 1548 7.,
764 1474 816 1535 ubi
832 1473 982 1537 Christum
998 1473 1091 1555 ponti·
1146 1473 1223 1535 illud
1237 1494 1346 1535 munus
1361 1474 1440 1535 ultro
1456 1474 1514 1535 sibi
1535 1493 1596 1534 non
1619 1475 1774 1552 vindicet,
1797 1474 1845 1538 aad

398 1561 498 1636 ficem,
524 1570 558 1622 ut
583 1563 699 1642 peccati
730 1569 901 1640 expertem,
930 1560 1094 1642 Apostolus
1147 1580 1166 1620 a
1195 1560 1297 1623 divina
1326 1559 1458 1642 pendeat
1486 1562 1665 1636 vocations3
1703 1565 1785 1625 sicat
1812 1561 1845 1625 da

399 1647 524 1730 opponit
545 1647 714 1708 hominibus
737 1648 935 1708 infirmitatem
957 1646 1092 1707 habenti·
1146 1649 1283 1722 Aarone,
1309 1649 1360 1729 qui
1375 1649 1489 1727 primus
1502 1647 1560 1708 tuit
1574 1645 1719 1711 sacerdos
1735 1649 1845 1712 Laviti-

397 1736 470 1806 bus,
485 1755 562 1815 quos
577 1736 627 1795 lex
643 1735 814 1795 sacerdotes
829 1734 1040 1795 constituebat.

441 1823 470 1881 3.
493 1825 536 1884 Et
555 1828 729 1898 propterea
754 1821 858 1896 debet,
886 1821 1092 1898 quemadmo-

396 1908 473 1969 dem
485 1926 547 1985 pro
568 1908 707 1985 populo,
734 1910 782 1968 ita
804 1910 900 1968 etiam
922 1925 984 1984 pro
996 1913 1092 1976 ,semet

394 1998 463 2071 ipse
491 1996 605 2073 offerre
632 2013 694 2071 pro
720 1997 866 2070 peccatis.
904 1995 1090 2070 Propterea,

395 2079 514 2141 Graece
530 2074 725 2159 διὰταύτην,
745 2080 776 2141 id
792 2089 839 2141 est
851 2087 987 2157 propter
996 2081 1089 2155 boec,

394 2166 509 2228 scilicet
523 2168 732 2232 infirmitatem.
755 2166 909 2229 Consonat
920 2174 1022 2226 textus
1034 2166 1090 2245 Sy·

393 2255 500 2316 riscus.
535 2259 581 2314 Ac
596 2253 697 2315 forsan
721 2256 810 2315 otiam
827 2255 975 2333 interpres
990 2262 1091 2313 noster

395 2341 527 2420 scripsit:
554 2348 689 2418 propter
718 2361 796 2402 eam,
839 2339 1030 2440 Quemquam
1059 2340 1091 2399 in

394 2428 543 2491 nonnullis
560 2427 684 2489 Graecis
699 2429 810 2507 legitur
825 2422 875 2486 dte
891 2425 1005 2501 ταῦτα,
1022 2445 1087 2506 pro·

394 2524 461 2594 pter
488 2515 575 2576 haec.
611 2513 673 2574 Sed
703 2532 810 2575 sensus
840 2512 946 2573 eodem
975 2510 1090 2573 recidit

393 2601 484 2680 Ejus,
500 2603 614 2679 inquit,
630 2599 711 2680 quod
728 2599 799 2673 dixi,
814 2600 984 2681 pontificem
1000 2601 1090 2659 etiam

394 2688 491 2765 ipsum
508 2687 675 2748 infirmitate
687 2685 904 2748 circumdatum
920 2705 987 2746 esse
1001 2705 1089 2765 argu·

394 2781 526 2834 mentum
543 2782 604 2846 est,
630 2773 710 2854 quod
727 2772 835 2833 debeat
849 2793 910 2833 non
925 2772 1019 2832 solum
1035 2793 1089 2851 pro

391 2859 496 2941 populi
526 2862 673 2941 peccatis,
704 2880 807 2923 varum
834 2861 922 2920 etiam
948 2879 1001 2940 pro
1028 2860 1089 2921 suis

392 2947 498 3007 offerre
523 2947 709 3009 sacrificium.
747 2947 827 3007 Hinc
857 2948 931 3007 satis
961 2956 1088 3020 constat,

391 3034 568 3115 Apostolum
592 3034 674 3116 loqui
700 3034 738 3095 de
757 3034 945 3111 infirmitate
961 3037 1088 3114 peccati.

392 3121 467 3185 Oum
485 3130 584 3182 auteur
601 3124 658 3183 ait:
686 3122 792 3197 debet,
808 3121 932 3203 respicit
947 3121 986 3182 ud
1002 3140 1087 3200 prae

394 3215 512 3289 captum
534 3209 611 3289 legis
628 3211 702 3271 Lev.
718 3209 763 3282 4.,
789 3207 841 3269 ubi
863 3211 940 3268 inter
965 3208 1087 3282 hostias,

393 3315 472 3375 quae
487 3317 541 3375 pro
557 3298 691 3375 peccatis
706 3296 803 3356 offerri
815 3295 971 3374 jubentur,
990 3296 1087 3376 prims

390 3391 436 3443 est
450 3403 503 3464 pro
518 3392 644 3463 peccato
665 3382 836 3444 sacerdotis.
923 3437 930 3448 ,

435 3469 594 3532 Sciendum
626 3480 673 3531 est
699 3478 814 3542 autem,
844 3469 918 3529 baec
946 3467 1087 3529 attributa

390 3558 554 3638 pontificis,
580 3557 662 3637 quod
689 3558 862 3616 intimuitate
887 3555 1087 3616 circumdatus

390 3645 445 3718 sit,
472 3644 612 3725 quodque
639 3651 798 3724 propterea
825 3663 878 3720 pro
904 3645 968 3703 suis
994 3643 1086 3703 etiam

390 3732 522 3810 peccetis
542 3731 647 3791 offerre
670 3731 849 3791 sacrificium
873 3728 998 3802 debeat,
1025 3750 1086 3790 non

391 3836 426 3879 eo
447 3817 505 3877 huc
528 3817 641 3879 adferri
665 3817 703 3879 ab
728 3817 888 3898 Apostolo,
915 3825 949 3876 ut
965 3816 1086 3878 Obristo

390 3904 668 3978 accommodentur,
690 3903 745 3965 sed
768 3914 802 3964 ut
824 3925 864 3965 ex
886 3904 934 3964 his
952 3902 1087 3965 declaret

390 3989 436 4062 id,
464 3991 545 4070 quod
566 3995 641 4053 inter
664 4000 749 4053 notas
765 3991 918 4052 Pontificis
934 3997 1085 4072 posuerat,

390 4076 479 4138 telem
496 4099 535 4138 ex
557 4079 726 4140 bominibus
748 4079 877 4151 assumi,
903 4079 954 4160 qui
978 4076 1085 4138 condo·

390 4162 453 4224 lere
482 4166 578 4244 possit
600 4167 655 4239 iis,
686 4166 737 4243 qui
762 4166 903 4243 ignorant
925 4174 955 4225 et
977 4172 1085 4225 emant.

389 4249 458 4312 Hoc
472 4259 576 4311 sutem*
590 4254 677 4313 etiam
694 4250 813 4312 Christo
830 4263 1008 4332 competere,
1024 4249 1086 4310 alia

389 4338 505 4398 ratione
526 4340 663 4418 superius
687 4337 832 4412 ostendit,
856 4340 927 4418 quia
947 4338 1086 4398 nimirum

390 4443 443 4504 per
459 4426 557 4486 omnia
573 4432 705 4486 tentatus
717 4426 753 4485 sit
766 4424 916 4485 hominum
927 4444 1016 4498 more,
1030 4420 1085 4483 sed

389 4509 505 4589 absque
520 4520 655 4593 peccato.
694 4512 762 4591 Qua
777 4531 816 4572 ex
832 4532 864 4571 re
877 4512 964 4572 nobis
978 4509 1083 4572 intelli·

389 4595 518 4676 gendum
530 4599 678 4679 relinquit,
692 4606 837 4678 quantum
850 4596 980 4659 excellat
992 4598 1084 4656 Aaro-

1147 1753 1215 1807 cus,
1230 1734 1385 1813 Scriptura
1401 1740 1545 1807 testatur,
1561 1753 1631 1794 eum
1646 1734 1797 1798 divinitus
1810 1735 1845 1799 ad

1146 1840 1211 1881 eam
1225 1820 1401 1899 dignitatem
1413 1829 1552 1881 vocatum
1565 1840 1640 1882 essa
1660 1821 1744 1885 Nam
1753 1821 1845 1886 Exod.

1146 1908 1196 1969 38.
1218 1907 1304 1968 Deus
1314 1906 1413 1987 jubet,
1431 1927 1499 1968 eum
1511 1909 1700 1986 consecrari3
1716 1928 1845 1991 cumque

1146 2003 1251 2072 postea
1272 1993 1470 2055 sacerdotium
1492 1996 1559 2074 ejus
1580 1993 1619 2055 ab
1643 1997 1775 2058 aemulis
1796 1999 1844 2060 in·

1144 2088 1339 2160 pugnaretur,
1355 2082 1463 2142 iterum
1475 2081 1681 2142 confirmatum
1697 2093 1747 2144 eat
1760 2085 1844 2146 mira·

1145 2166 1213 2227 culo
1229 2167 1360 2228 incendii
1376 2169 1579 2229 consumentis
1590 2166 1844 2244 adversarios,'at

1143 2255 1247 2333 virgae
1261 2255 1471 2334 germinantis,
1486 2254 1577 2315 Num.
1595 2258 1644 2317 16.
1661 2263 1695 2316 et
1712 2259 1763 2318 17.
1786 2258 1842 2319 Vc·

1144 2348 1244 2401 catum
1259 2349 1361 2401 autern
1376 2341 1526 2401 Aaronem
1542 2340 1681 2421 intellige
1696 2363 1754 2422 pro
1769 2363 1804 2406 aa
1816 2349 1844 2407 d

1144 2445 1199 2487 aua
1213 2429 1398 2508 posteritate.
1428 2426 1519 2509 Quod
1535 2427 1610 2488 adeo
1627 2438 1788 2491 servatum
1800 2438 1844 2493 cd

1143 2514 1174 2573 in
1188 2514 1283 2574 reteri
1304 2515 1434 2595 populo,
1457 2521 1491 2574 ut
1512 2534 1550 2574 ue
1573 2535 1627 2595 per
1649 2516 1843 2581 ambitione·

1144 2598 1281 2680 quidem,
1304 2608 1396 2680 atque
1420 2622 1454 2662 eo
1471 2610 1617 2681 tempore,
1641 2621 1703 2682 quo
1724 2603 1842 2684 ragibm

1144 2688 1273 2747 externis
1295 2688 1441 2768 parebant
1464 2686 1594 2762 Judaei,
1618 2690 1785 2771 quisquam
1805 2687 1842 2753 ad

1142 2774 1345 2853 pontificatum
1374 2783 1498 2836 evectus
1532 2773 1665 2856 legatur,
1702 2779 1757 2859 qui
1786 2795 1841 2843 am

1143 2869 1224 2921 esset
1239 2879 1278 2921 ex
1293 2863 1388 2941 stirpe
1403 2861 1541 2923 daronis.
1573 2861 1664 2925 Unde
1681 2883 1777 2945 quum
1790 2881 1842 2928 rex

1143 2946 1231 3007 Ozias
1246 2967 1391 3028 usurpare
1406 2950 1498 3009 vellet
1521 2946 1690 3012 sacerdotis
1705 2953 1842 3026 officium,

1141 3035 1315 3115 apontiflce
1335 3036 1474 3114 repulsus
1495 3035 1567 3111 tuit,
1596 3046 1627 3098 et
1649 3059 1721 3100 mox
1742 3061 1763 3101 a
1776 3040 1841 3102 Dea

1141 3121 1226 3201 lepra
1241 3139 1412 3202 percussus.
1435 3123 1537 3184 spor,
1554 3125 1604 3186 26.

1184 3207 1269 3269 Sicut
1289 3217 1390 3268 sutem
1414 3210 1483 3269 olim
1509 3212 1539 3271 in
1561 3211 1676 3293 populo
1699 3213 1840 3289 Judaicc,

1142 3295 1184 3354 ita
1198 3314 1278 3354 nunc
1292 3297 1321 3355 in
1335 3297 1472 3357 Ecclesia
1483 3295 1631 3359 divinitus
1643 3301 1784 3361 instituta
1798 3307 1841 3363 ed

1140 3381 1323 3456 hierarchis,
1339 3402 1406 3442 cum
1423 3392 1574 3463 potestate
1591 3385 1757 3449 ordinandi
1771 3407 1839 3468 poa·

1140 3468 1251 3540 tificss,
1268 3468 1439 3531 sacerdotes
1456 3479 1488 3529 et
1502 3473 1671 3548 ministres3
1690 3482 1742 3549 ut,
1758 3472 1839 3555 quid·

1140 3554 1213 3637 quid
1229 3563 1316 3616 extra
1332 3554 1411 3616 illam
1427 3566 1593 3619 attentatur
1606 3570 1659 3620 aut
1674 3563 1838 3641 praesumi·

1139 3653 1203 3715 tur,
1227 3643 1415 3723 illegitimum
1439 3654 1471 3705 et
1486 3647 1575 3706 inane
1591 3658 1762 3709 censeatur·
1797 3650 1839 3710 Ex

1140 3750 1199 3812 quo
1221 3730 1311 3791 facile
1337 3738 1384 3791 est
1411 3733 1589 3811 conjicere,
1605 3753 1666 3814 quo
1691 3735 1761 3797 loco
1785 3737 1841 3798 sint

1139 3818 1290 3891 habendi,
1306 3829 1453 3899 quotquot
1468 3818 1558 3879 hodie
1572 3821 1743 3884 ministerio
1758 3822 1841 3884 verbi

1140 3924 1206 3965 sese
1220 3906 1376 3985 ingerunt,
1397 3926 1493 3985 neque
1504 3908 1598 3978 missi,
1613 3928 1716 3989 neque
1732 3909 1839 3970 vocati.

1140 3991 1247 4052 Obiter
1268 3992 1395 4053 observa
1407 3992 1559 4071 quendam
1576 3995 1705 4075 eclipsin
1729 3996 1840 4057 cessis

1139 4077 1241 4137 verbis
1252 4077 1409 4158 Apostoli3
1424 4079 1623 4159 supplendum
1636 4092 1682 4143 est
1695 4087 1777 4145 enim
1790 4082 1838 4143 ali-

1140 4163 1220 4245 quid,
1235 4164 1292 4225 hoc
1305 4173 1357 4223 aut
1370 4166 1458 4225 simili
1470 4165 1574 4226 modo:
1590 4169 1691 4230 Nemo
1707 4171 1769 4231 ribi
1783 4169 1840 4248 spat

1139 4254 1234 4312 mmit
1248 4254 1409 4327 horrorem,
1435 4252 1488 4312 sed
1502 4253 1557 4313 ille
1571 4273 1667 4316 seres
1683 4276 1722 4317 oc
1738 4258 1840 4334 legi&-

1139 4356 1209 4398 rmce
1231 4346 1275 4399 est
1292 4340 1455 4417 pontifex,
1482 4343 1538 4416 qai
1560 4350 1696 4404 vocatur
1718 4364 1741 4404 ra
1765 4344 1839 4407 naa

1183 4427 1501 4488 essedorum
1526 4445 1593 4489 nera
1613 4438 1711 4490 semet
1737 4435 1841 4509 ipsust

1139 4511 1343 4588 clarificavit,
1366 4520 1403 4573 et
1418 4515 1573 4591 Pontifex
1587 4516 1685 4591 tieret.
1725 4518 1839 4579 flaons

1140 4617 1200 4677 qus
1215 4608 1305 4659 notae
1326 4618 1379 4660 seu
1406 4600 1605 4678 proprietates
1628 4605 1786 4680 pontilicis
1799 4605 1838 4664 le·

389 4683 486 4742 uicum
504 4686 674 4763 pontificem
691 4684 846 4755 Christus,
867 4684 946 4766 quod
963 4682 1015 4744 ille
1031 4704 1085 4763 pro
1139 4684 1230 4763 galia3
1257 4706 1337 4747 nunc
1351 4705 1403 4746 aas
1419 4685 1539 4747 christo
1555 4688 1707 4768 applicat,
1730 4712 1769 4753 ae
1782 4692 1839 4774 pst·

389 4772 599 4848 peccatoribus
627 4773 837 4843 intercesserit,
865 4771 930 4850 ipse
954 4772 1085 4851 peccatis
1139 4791 1221 4831 mum
1236 4792 1318 4847 eaor,
1339 4792 1429 4851 quam
1445 4771 1597 4855 postremo
1612 4778 1723 4856 posuit
1764 4775 1838 4840 cun

390 4853 554 4932 obnoxius,
585 4860 633 4920 hic
654 4880 725 4919 vero
748 4857 787 4920 ad
810 4856 884 4918 illud
900 4858 986 4918 officii
1003 4864 1085 4918 tanto
1140 4858 1218 4919 enim
1233 4857 1370 4920 Christus
1384 4879 1444 4919 non
1469 4868 1550 4921 emet
1564 4880 1603 4921 ex
1619 4864 1715 4943 stirpe
1729 4864 1840 4939 Aaron,

390 4941 431 4999 sit
446 4944 551 5022 aptior,
566 4955 678 5026 quanto
694 4945 787 5024 magis
802 4952 848 5006 est
863 4945 901 5005 ab
916 4946 1086 5005 infirmitate
1141 4965 1219 5025 quae
1235 4945 1300 5005 sola
1324 4945 1520 5007 sacerdotalis
1541 4954 1623 5024 erat;
1647 4949 1708 5010 imo
1729 4970 1790 5014 nse
1803 4967 1840 5015 οι

389 5030 507 5115 peccati
522 5041 662 5097 remotas
685 5029 747 5097 Sed
761 5032 818 5096 boc
834 5030 992 5096 discrimen
1008 5028 1087 5094 infra
1139 5033 1219 5095 tribu
1235 5031 1329 5107 Levi,
1344 5051 1426 5113 quaa
1439 5032 1507 5095 sola
1521 5053 1622 5096 coram
1636 5034 1775 5103 Domino
1790 5039 1838 5103 mi·
