4442 5825
399 582 475 656 484
813 576 854 632 tn
873 574 951 640 QUOS
970 575 1063 631 PIIIIIA
1093 574 1236 632 tristent
1254 576 1380 633 SCRIPTA
1396 575 1450 631 SII'.

397 762 447 814 tur
460 750 571 833 Ephes.
589 754 617 814 2.
646 750 774 829 Deinde,
798 752 878 836 qnod
902 754 1013 815 dicitur
1028 774 1094 834 cap.
1148 755 1215 835 ipso
1238 754 1337 815 adhuc
1360 751 1485 816 exordio
1508 751 1704 833 Prophetasi

400 845 445 900 1.:
472 842 570 918 Quem
593 858 664 901 eam
686 859 754 900 nnn
773 843 929 916 sideritis,
953 841 1094 917 diliqitis.
1148 843 1280 902 monium
1303 850 1392 902 vocet
1413 842 1518 901 salutis
1540 859 1595 918 per
1611 838 1704 901 Christ

397 927 490 989 Item:
518 929 591 988 Non
614 928 807 1004 eonfiyurcti
823 929 986 1006 prioribus
1001 932 1094 1004 tyrro-
1148 930 1267 989 missae.

397 1017 528 1074 santiae
550 1022 671 1074 cestrae
694 1016 864 1077 desideriis.
896 1017 942 1074 Ac
963 1035 1094 1075 rursum:
1192 1016 1249 1075 Est
1264 1023 1362 1075 autem
1379 1024 1410 1073 et
1432 1015 1521 1073 tertia
1544 1015 1693 1075 sententia

398 1101 566 1177 Redemptt'
588 1104 659 1162 estis
673 1103 711 1161 de
727 1122 814 1164 vanu
837 1110 943 1162 vestra
961 1120 1094 1163 conver·
1149 1101 1226 1175 dam,
1250 1104 1302 1181 qui
1320 1104 1462 1180 scriptam
1485 1110 1595 1180 putant
1613 1100 1653 1160 ad
1667 1121 1704 1181 pn

396 1192 518 1249 cottone
528 1192 892 1264 paternoetrcdittortts.
915 1190 1004 1249 Haeo
1017 1192 1094 1248 enlm
1148 1189 1232 1248 velut
1254 1189 1438 1267 significatos
1460 1189 1663 1248 aduersorum
1687 1209 1704 1248 r

397 1275 436 1335 ad
464 1282 568 1354 gentes
601 1278 721 1356 proprie
758 1278 909 1357 pertinere
945 1274 1093 1337 vitientur.
1148 1275 1198 1336 Ita
1213 1274 1404 1335 Venerabilis
1427 1274 1520 1348 Beda,
1544 1274 1694 1353 glossator

395 1362 543 1433 Rursum,
570 1364 651 1442 quod
677 1363 784 1423 dicitnr
807 1383 873 1442 cap.
896 1365 940 1422 t:
969 1363 1095 1441 sufflat
1149 1383 1214 1422 nus.
1249 1362 1310 1423 Sed
1337 1362 1491 1423 falluntur.
1527 1362 1638 1442 Neque
1661 1364 1704 1423 eni

394 1451 606 1525 praetentam
620 1451 795 1526 tempusod
807 1452 1002 1511 volantatem
1015 1469 1094 1526 yea—
1149 1460 1236 1509 erant
1263 1449 1420 1510 Ecclesiae
1450 1450 1670 1528 proselytorum
1700 1470 1704 1529 1

396 1538 476 1596 tium
492 1537 778 1598 consummandum
793 1539 850 1612 Itr's,
875 1539 931 1614 qui
945 1536 1093 1597 ambulo·
1149 1535 1202 1595 sed
1218 1555 1284 1595 cum
1300 1535 1441 1610 Judaeis,
1458 1555 1587 1615 quorum
1602 1536 1704 1616 reIIgir

397 1629 514 1685 verant
536 1625 571 1683 tn
594 1624 739 1686 Iuaurr'Ia.
762 1624 903 1704 Denique
924 1622 1024 1683 addit:
1051 1625 1094 1684 Et
1148 1631 1315 1702 sceperant,
1327 1641 1508 1683 communes.
1533 1623 1600 1682 Nec
1616 1633 1704 1683 erata

395 1711 515 1771 illicitis
530 1710 689 1771 idolorum
713 1711 856 1772 cultibus.
882 1711 968 1788 Quod
991 1711 1093 1790 utique
1148 1709 1185 1768 ad
1203 1730 1255 1769 eos
1270 1712 1439 1788 speciahter
1457 1709 1613 1782 scriberet,
1635 1730 1704 1791 quar

396 1796 435 1857 ad
457 1796 595 1877 gentiles,
618 1800 671 1877 qui
693 1797 873 1859 idololatrae
896 1797 1026 1870 Inerant,
1050 1795 1092 1855 ‹ti-
1147 1796 1317 1876 Evangelio
1340 1797 1478 1875 gentibus
1501 1796 1692 1875 praedicate,

397 1892 478 1944 ctum
500 1891 634 1963 apparet.
657 1885 742 1945 Haec
757 1885 921 1965 Augustini
946 1884 1094 1944 sententia
1149 1891 1221 1954 erat,
1240 1903 1421 1963 quemquam
1438 1904 1476 1943 ex
1493 1886 1532 1943 iis
1548 1883 1704 1945 circumcisi

396 1979 443 2030 est
464 1969 516 2029 lib.
540 1973 589 2031 22.
615 1980 719 2031 contra
741 1973 887 2032 Faustum
910 1991 976 2050 cap.
993 1972 1043 2032 89.
1062 1977 1094 2029 et
1148 1969 1279 2050 sertum
1293 1972 1365 2030 fieri.
1379 1972 1532 2031 Aduersus
1544 1982 1644 2030 autem
1658 1991 1704 2051 qn·

395 2056 525 2118 Ioannis
540 2057 673 2119 Heseelii
688 2059 719 2119 in
734 2066 892 2120 comment.
1148 2057 1235 2128 dicat,
1246 2059 1311 2137 jam
1329 2057 1539 2129 indicavimus,
1561 2068 1594 2118 et
1609 2058 1703 2138 ampli

1147 2153 1236 2204 netur
1250 2146 1281 2204 in
1297 2146 1519 2205 commentario.

438 2232 479 2293 At
494 2249 566 2291 vern
582 2230 634 2290 alii
651 2232 818 2311 complures
841 2233 872 2291 in
889 2232 1009 2292 diversa
1024 2240 1093 2290 sunt
1191 2232 1259 2291 Hac
1282 2233 1373 2311 igitur
1393 2234 1535 2311 opimone
1559 2231 1691 2308 rejecta,

395 2319 550 2390 sententia,
569 2327 602 2377 nt
617 2318 766 2379 Eusebius
781 2319 831 2379 Iib.
850 2323 877 2381 3.
895 2319 964 2377 hist.
981 2337 1045 2397 cap.
1064 2322 1092 2378 4.
1147 2317 1222 2377 illud
1244 2322 1317 2378 satis
1343 2319 1471 2378 arbitror
1495 2338 1534 2377 ex
1562 2320 1704 2398 inscripti«

396 2414 426 2465 et
438 2405 642 2483 Hieronymus
659 2407 690 2464 in
705 2405 792 2465 catal.
806 2407 907 2486 script.
922 2404 992 2464 eccl.
1016 2404 1091 2464 Item
1147 2413 1236 2477 stare,
1253 2407 1395 2486 scriptam
1412 2425 1478 2465 esse
1495 2405 1667 2483 Epistolam
1684 2406 1703 2467 h

395 2500 654 2562 commentatores,
686 2491 849 2573 Didymus,
881 2490 1092 2565 Oeoumenius,
1148 2499 1208 2552 tem
1224 2493 1437 2573 principaliter,
1460 2492 1499 2552 ad
1514 2492 1704 2571 Judneos,c

396 2580 570 2659 (lajetanus,
593 2578 805 2639 Titelmannus
831 2576 863 2639 et
880 2581 1034 2651 Erasmus,
1057 2598 1093 2638 ac
1148 2579 1178 2638 in
1194 2581 1390 2657 dispersione,
1406 2582 1485 2638 sieut
1500 2588 1531 2638 et
1546 2580 1704 2659 Epistolan

394 2675 553 2747 praeterea
568 2665 668 2725 Canus
690 2664 740 2725 lib.
757 2669 785 2725 2.
810 2665 848 2725 de
870 2667 944 2725 Ionis
960 2666 1091 2726 Theclo-
1147 2665 1258 2725 Verum
1272 2668 1346 2745 quia
1358 2667 1473 2726 Iudaei
1486 2665 1601 2740 fideles,
1619 2669 1648 2726 in
1662 2666 1704 2726 dis

394 2754 479 2832 gicis,
501 2752 648 2812 Baronius
672 2761 742 2811 tom.
760 2757 788 2813 1.
811 2753 975 2813 Annalium
996 2761 1028 2812 et
1042 2754 1091 2812 RI·
1148 2755 1302 2812 constituti
1318 2773 1384 2814 cum
1407 2754 1572 2832 gentilibus
1589 2754 1704 2815 eornnd

394 2837 469 2899 bera
496 2840 528 2898 in
557 2839 709 2918 prooemio
736 2859 826 2919 super
852 2838 1024 2920 Epistulam
1052 2840 1093 2899 ad
1147 2860 1210 2899 rum
1235 2842 1265 2899 iu
1290 2837 1441 2899 Christum
1465 2839 1666 2911 credentibus,
1694 2852 1704 2900 t

394 2926 559 2986 Hebraeos.
583 2926 626 2985 Hi
639 2946 740 2986 omnes
753 2929 896 3007 scriptam
908 2946 977 2987 esse
987 2926 1093 2986 uolunt
1147 2927 1297 2997 iratribus,
1309 2930 1579 3001 communicabant,
1598 2930 1657 2988 imo
1673 2939 1703 2989 et

394 3011 473 3072 hanc
487 3012 657 3092 EpIstoIam
674 3012 713 3073 ad
728 3012 871 3087 Iudaeos,
888 3013 970 3094 quod
987 3011 1017 3073 id
1041 3033 1091 3092 pa·
1147 3034 1256 3093 scopos
1282 3023 1312 3073 et
1337 3014 1493 3075 Ecclesiae
1526 3035 1592 3074 cum
1625 3018 1670 3075 eis
1695 3017 1704 3076 I

394 3099 453 3160 lam
470 3099 634 3160 ostendant
645 3112 808 3159 memorata
820 3099 913 3160 verba
925 3101 1091 3181 inscriptio·
1148 3119 1318 3161 communes
1335 3098 1502 3175 (eratenim
1517 3106 1608 3160 nnius
1625 3104 1704 3163 civita

394 3186 460 3248 nis:
479 3186 619 3248 Adversis
634 3187 846 3263 dispersionis.
870 3187 949 3247 Nam
967 3187 1093 3263 ds‘sper·
1147 3196 1262 3246 mutum
1279 3184 1480 3267 EpIscopua):
1496 3188 1609 3249 idcirco
1623 3191 1704 3249 etian

393 3275 493 3335 siorat's
506 3275 627 3333 nominc
638 3271 663 3333 J
665 3273 777 3334 ndceos
792 3293 845 3353 per
860 3272 961 3334 orbem
978 3274 1090 3353 disper·
1147 3273 1217 3334 tiles
1241 3275 1383 3352 scriptam
1400 3294 1474 3346 asse,
1497 3275 1657 3352 probabile
1672 3295 1704 3336 es

395 3379 445 3420 soe
460 3361 552 3420 etiam
572 3357 708 3421 Jaccbus
723 3360 906 3440 significavit
920 3360 951 3420 in
967 3359 1092 3420 exordi0
1148 3361 1301 3440 pertinere
1324 3381 1359 3419 ea
1382 3359 1457 3432 Icca,
1483 3381 1560 3442 quae
1582 3382 1638 3441 pro
1662 3366 1704 3441 pri

395 3464 471 3506 suae
507 3447 681 3526 Epistula03
720 3449 859 3526 quamvis
889 3446 952 3507 illic
981 3448 1090 3507 addat:
1147 3449 1243 3508 tentIa
1280 3446 1514 3507 adducebantur.
1565 3448 1704 3510 Inscribit

395 3533 561 3594 duodecim
576 3533 727 3593 tribubus.
750 3534 809 3594 Sed
823 3534 889 3612 ejus
904 3534 969 3594 loeo
982 3533 1092 3593 Petrus
1149 3534 1311 3613 Epistulam
1336 3533 1374 3592 ad
1389 3534 1411 3594 J
1415 3534 1538 3605 udaeos,
1562 3544 1597 3594 ut
1612 3538 1704 3614 Apost

395 3618 484 3679 dIcit:
507 3621 647 3680 advertit.
672 3620 782 3700 Neque
800 3623 881 3679 enim
897 3619 1024 3699 gentiles
1040 3618 1090 3679 ad·
1147 3620 1350 3694 cumciaionis;
1380 3620 1635 3699 quemadmodum
1658 3643 1704 3682 er

394 3725 491 3767 venae
503 3715 588 3767 erant
598 3724 699 3766 aarum
712 3708 876 3785 regionum,
892 3726 968 3784 quas
983 3706 1093 3766 Petrus
1146 3707 1268 3778 Paulus,
1291 3715 1324 3765 ut
1338 3707 1500 3787 Apostolus
1526 3711 1679 3788 praeputii
1697 3731 1704 3767 c

395 3790 439 3852 ibi
461 3802 605 3866 recenset,
628 3793 681 3853 scd
696 3792 808 3854 Judaei
831 3794 861 3853 in
885 3792 945 3852 illis
965 3812 1090 3852 commo·
1146 3796 1297 3873 gentium,
1327 3795 1490 3873 praecipue
1520 3815 1591 3855 suas
1623 3798 1704 3874 Epist

394 3888 504 3940 rantes.
527 3879 661 3952 Accedit,
676 3879 758 3957 qnod
773 3899 838 3959 cap.
856 3883 883 3941 2.
900 3878 988 3940 dicit:
1006 3880 1091 3941 Onn-
1146 3880 1273 3959 gentiles
1300 3879 1416 3959 dirigit,
1440 3885 1577 3960 quamvis
1606 3892 1636 3942 et
1658 3884 1703 3942 Ro

393 3968 604 4027 ostentionem
630 3973 769 4027 vestram
791 3968 876 4026 inter
900 3973 1006 4042 uenter
1031 3967 1090 4026 Ito·
1147 3966 1280 4026 Corinthi
1297 3975 1325 4025 et
1339 3968 1410 4027 ahbi
1424 3975 1524 4026 essent
1536 3969 1626 4027 etiam
1639 3969 1661 4029 J
1665 3970 1704 4030 nd

394 4051 498 4113 beuter
513 4052 641 4127 bortum,
658 4062 687 4113 et
702 4073 767 4131 cap.
781 4053 810 4112 ³.
827 4051 866 4113 de
882 4052 957 4113 Sara
973 4051 1012 4112 ad
1027 4073 1089 4112 mu·
1146 4053 1250 4113 fideles
1267 4052 1343 4122 illos,
1365 4053 1402 4113 ad
1418 4073 1492 4133 qnos
1514 4056 1627 4115 scribit.
1650 4056 1704 4116 Uni

392 4137 499 4199 llares:
522 4140 620 4212 Caius
634 4142 705 4199 ertit
726 4139 824 4216 filice,
849 4140 1089 4216 benefacientes,
1145 4141 1195 4219 pin
1212 4140 1380 4217 Epistolam
1398 4140 1435 4199 ad
1451 4141 1620 4212 Hebraeos,
1642 4162 1704 4221 qna

392 4223 425 4285 id
451 4232 507 4295 est,
533 4226 577 4285 sie
602 4225 822 4305 respondebitis
848 4227 952 4304 generi
979 4235 1089 4285 restro.
1145 4227 1245 4298 dacos,
1266 4245 1377 4304 eosque
1394 4228 1482 4297 solos,
1504 4228 1638 4287 aPanIo
1661 4249 1704 4290 ser

391 4312 450 4371 His
472 4310 543 4372 addi
566 4322 665 4390 potest
687 4321 893 4393 argumentum
915 4332 954 4373 ex
973 4314 1002 4372 2.
1019 4313 1089 4393 Epi·
1144 4313 1212 4372 Hac
1235 4313 1326 4388 igitur
1350 4315 1465 4373 ratione
1484 4316 1580 4393 prima
1606 4326 1704 4377 secter

392 4399 478 4471 stola,
503 4418 584 4477 quae
607 4398 646 4459 sd
668 4399 788 4461 eosdem
803 4400 917 4479 scripta
932 4408 986 4459 ost.
1010 4400 1089 4458 Nam
1144 4398 1276 4458 secunda
1290 4400 1384 4477 probe
1408 4401 1559 4461 conciliari
1584 4412 1701 4478 potest;

392 4484 475 4559 quod
501 4487 533 4546 iu
560 4503 597 4546 ea
622 4484 733 4546 dicitur
759 4506 824 4565 cap.
852 4491 896 4547 1.:
926 4486 1089 4546 Habe-mua
1142 4507 1202 4546 non
1218 4484 1324 4557 desint,
1348 4488 1607 4562 quicontendant,
1631 4488 1704 4550 ads

391 4570 566 4652 firms'orem
586 4574 808 4649 propheticum
829 4590 1004 4634 amionem
1010 4616 1021 4647 ,
1049 4572 1088 4631 ad
1143 4573 1233 4632 daeos
1250 4573 1327 4632 hano
1344 4573 1521 4652 Epistulam,
1539 4594 1638 4652 aeque
1661 4587 1695 4636 nt

390 4658 526 4720 Judaeos
542 4660 664 4740 proprie
687 4666 812 4739 spectat,
832 4660 913 4739 apud
929 4678 1015 4739 qnos,
1032 4660 1087 4718 etsi
1142 4657 1260 4728 Jacobi,
1281 4661 1421 4736 scriptam
1438 4680 1515 4732 esse,
1539 4670 1577 4733 et,
1603 4664 1704 4743 quasi

386 4744 451 4822 jam
475 4745 595 4819 fidelos,
621 4745 721 4806 adhuc
746 4755 849 4805 tamen
868 4745 1087 4825 Prophetarum
1142 4766 1206 4804 sum
1228 4743 1319 4803 allata
1342 4756 1418 4818 sunt,
1442 4747 1560 4807 dllnere
1583 4757 1704 4812 conentr

391 4842 457 4892 erat
466 4833 560 4910 major
569 4834 744 4904 auctoritas,
760 4848 852 4911 qnam
866 4830 1087 4911 Apostolorum.
1142 4832 1180 4892 de
1195 4850 1229 4891 re
1246 4832 1362 4910 aliquid
1378 4835 1409 4893 in
1425 4838 1652 4909 commentario,
1669 4855 1704 4897 eu

390 4916 475 4997 Quin
490 4929 519 4979 et
534 4938 572 4979 ex
595 4919 685 4999 priori
699 4917 838 4998 Epistola
858 4937 923 4998 cap.
941 4922 967 4979 1.
991 4918 1087 4978 slmile
1141 4918 1209 4978 loea
1235 4928 1354 4979 rentum
1382 4922 1456 4992 erit,
1486 4920 1596 4982 dicturi
1625 4941 1704 4985 sums

389 5014 595 5085 argumentum
612 5006 709 5086 accipi
723 5011 832 5086 potest,
848 5024 941 5086 quum
954 5004 1041 5066 stibi
1056 5006 1086 5065 in
1109 5041 1114 5068 .
1141 5006 1277 5085 propitio.
