4442 5825
435 602 509 671 qlq
574 563 576 567 ’
933 586 1171 646 commistus
1187 589 1220 647 lli
1238 589 1305 649 CAP-
1322 590 1363 646 lx.

429 772 526 854 Syrus
540 771 646 833 vertit:
665 788 727 848 prr
741 770 897 847 Spiritum
919 769 1127 829 oetermtotis.
1180 770 1265 832 velut
1289 769 1418 830 hostiam
1447 768 1688 846 immaculatam,
1714 770 1746 833 id
1772 781 1816 834 est
1837 771 1870 834 ah

432 858 641 921 Theodoretus
678 860 765 919 etiam
803 863 835 917 et
875 854 1128 935 Theophylsctua
1183 857 1262 918 omni
1288 856 1376 918 sorde
1402 861 1517 937 peccati
1539 858 1682 934 liberam,
1707 868 1813 940 utpote
1832 879 1871 920 rs·

430 949 579 1024 spiritum
594 953 759 1007 oeternum
783 954 948 1023 exponunt.
970 941 1055 1002 Inter
1068 944 1127 1003 La·
1181 952 1404 1024 praesentatam
1434 945 1489 1006 suh
1525 955 1601 1027 typo
1637 965 1752 1009 vaccae
1784 946 1871 1021 ruiaa

430 1037 509 1095 tinos
524 1052 644 1115 quoque
660 1033 691 1094 S.
703 1031 883 1094 Ambrosias
894 1029 948 1090 lih.
960 1028 1000 1089 de
1012 1028 1128 1108 Spiritu
1183 1051 1274 1111 quam
1303 1032 1355 1094 lex
1384 1032 1606 1094 immaculatam
1640 1033 1800 1114 exigebat,
1834 1035 1872 1094 uti

430 1129 549 1195 sancto,
572 1140 636 1201 cap.
654 1123 699 1195 8.,
721 1121 951 1196 sempiternum
966 1116 1057 1196 legit,
1077 1136 1127 1177 eo·
1183 1138 1274 1200 supra
1290 1119 1402 1180 dictum
1423 1127 1476 1179 ast

431 1227 492 1289 que
510 1207 683 1270 testimonio
707 1207 815 1287 probat
838 1206 1045 1265 aeternitatem
1061 1204 1127 1285 Spi·
1227 1205 1318 1285 Quod
1334 1207 1415 1267 euim
1430 1206 1567 1268 nonnulli
1583 1214 1708 1287 putant,
1737 1226 1795 1288 per
1807 1207 1873 1268 suti·

430 1297 503 1358 ritus
518 1297 621 1356 sancti.
660 1293 743 1376 Quid
762 1312 834 1354 vero
850 1291 1082 1372 chrysostomus
1098 1298 1129 1350 ct
1182 1294 1289 1354 thesim
1316 1302 1453 1355 veterum
1481 1293 1698 1356 sacrificiorum
1729 1293 1874 1356 Christum

429 1380 629 1444 Oscumenius
643 1381 788 1462 legerint,
804 1400 842 1441 ex
858 1398 962 1440 eorum
977 1398 1128 1440 comman-
1183 1381 1241 1442 dici
1257 1380 1498 1456 immaculatum,
1522 1380 1604 1462 quod
1628 1381 1682 1443 illa
1704 1381 1817 1444 inerint
1829 1383 1873 1442 im

429 1470 513 1532 tardis
538 1489 599 1531 non
625 1468 740 1550 liquet3
769 1469 829 1528 nisi
859 1466 941 1546 quod
971 1467 1129 1543 Spiritum
1182 1469 1294 1529 munda
1310 1478 1340 1528 et
1355 1467 1494 1542 sordida,
1510 1468 1630 1530 scilicet
1643 1470 1773 1550 sanguis
1787 1469 1873 1530 hirco

429 1565 574 1620 mactum
607 1559 778 1629 nominant,
813 1556 939 1615 oeterni
975 1554 1129 1613 mentione
1182 1574 1247 1615 rum
1263 1563 1295 1616 et
1310 1554 1488 1630 vitulorum,
1516 1564 1547 1615 et
1568 1556 1644 1616 cinis
1667 1555 1791 1620 vitulas
1804 1575 1873 1617 com·

429 1647 549 1727 penitus
565 1632 683 1705 omissa.
711 1639 848 1722 Intelligi
862 1649 963 1702 antam
980 1640 1129 1719 Spiritum
1181 1641 1302 1716 bustao,
1333 1661 1457 1722 qnorum
1488 1641 1634 1704 videlicet
1663 1652 1823 1705 contactus
1849 1649 1873 1702 ot

428 1740 563 1794 sanctum
579 1732 762 1803 increatum,
782 1729 813 1790 id
835 1736 884 1790 est
905 1728 1024 1787 tertiam
1039 1731 1070 1788 in
1085 1727 1127 1787 di·
1182 1731 1317 1809 aspersio
1332 1729 1429 1808 magis
1445 1731 1617 1810 inquinaret
1627 1730 1776 1806 homines,
1792 1749 1872 1812 quan

428 1820 509 1882 vinis
524 1836 701 1899 porsonam,
720 1818 801 1878 iuter
816 1817 1006 1896 expositores
1021 1833 1128 1877 conve·
1182 1816 1354 1877 mundaret:
1379 1835 1416 1876 ea
1432 1818 1601 1897 speculatio
1617 1818 1704 1880 nobis
1720 1817 1824 1880 aliena
1836 1817 1873 1877 ri·

429 1907 490 1980 nit,
516 1913 578 1965 tam
603 1907 657 1985 qui
673 1905 830 1982 Spiritum
852 1909 997 1966 tondum
1012 1903 1128 1982 legunt,
1181 1902 1269 1964 detur
1290 1923 1309 1963 a
1331 1912 1432 1964 mente
1447 1905 1599 1984 Apostoli,
1622 1924 1682 1965 nec
1702 1904 1872 1967 lundam·

431 2011 521 2074 quam
537 1993 591 2073 qui
603 1994 761 2072 Spiritum
774 1997 940 2053 camum
948 2010 960 2066 ,·
975 1989 1034 2051 uisi
1046 1989 1128 2070 quod
1181 1999 1243 2051 tum
1264 1989 1375 2051 habero
1396 1991 1428 2050 in
1443 1990 1608 2071 Scriptura.
1646 1993 1744 2054 Porro
1760 1991 1872 2074 umphs·

430 2098 508 2142 unus
524 2099 562 2140 ex
577 2077 794 2142 recentioribus
808 2079 975 2149 existimat,
1000 2076 1129 2157 intelligi
1182 2080 1240 2138 sim
1255 2076 1369 2138 habent
1389 2079 1421 2139 in
1435 2078 1537 2140 verbis
1551 2079 1691 2161 Apostoli
1713 2080 1792 2142 haec
1805 2081 1871 2152 tris,

429 2186 518 2251 posse
533 2168 668 2246 spiritum
682 2175 814 2228 creatum
829 2163 949 2238 Christi,
970 2163 1001 2224 id
1017 2172 1063 2224 est
1077 2162 1128 2225 vel
1177 2182 1239 2243 par
1250 2165 1406 2241 Spiritum
1421 2173 1641 2247 condrust:
1656 2175 1754 2229 semet
1764 2171 1871 2246 ipsust,

430 2255 577 2329 enimam,
600 2254 651 2315 rel
665 2252 853 2315 voluntatem
869 2254 936 2333 ejus
950 2251 1128 2328 humanam3
1182 2261 1226 2312 et:
1237 2253 1489 2329 immaculatum,
1502 2253 1630 2315 Graeco:
1644 2246 1786 2333 ἄμωμον,
1799 2259 1872 2315 irre·

430 2341 583 2404 adducens
598 2343 749 2422 quaedam
764 2341 940 2421 Scripturas
961 2339 1029 2400 loca
1047 2340 1127 2399 simi·
1177 2338 1430 2417 prehemihilem.
1468 2339 1558 2419 Quae
1582 2343 1702 2422 singula
1721 2343 1872 2424 tasilsps

428 2430 478 2503 lis,
495 2427 548 2491 sed
565 2447 646 2510 quac
660 2448 766 2491 revera
780 2426 813 2488 id
827 2447 888 2489 non
903 2427 1039 2507 probant
1062 2427 1129 2486 Nec
1181 2446 1215 2488 se
1230 2424 1384 2486 studiosus
1399 2425 1494 2487 lector
1514 2429 1672 2509 expendet

429 2537 503 2579 varo
518 2516 613 2579 ullum
636 2517 765 2579 arbitror
787 2534 856 2577 osse
877 2514 977 2574 locum
992 2513 1127 2594 Scriptu-
1224 2514 1425 2574 Emuaduoit
1439 2519 1664 2589 corruentium
1678 2526 1825 2580 rethom
1838 2518 1872 2578 ot

429 2624 497 2678 rae,
521 2605 553 2665 in
575 2623 635 2685 quo
651 2605 790 2681 Spiritus
811 2609 940 2665 somus
962 2601 1000 2661 de
1022 2602 1129 2682 spiritu
1182 2600 1330 2679 operibus
1344 2606 1486 2663 mortuis.
1519 2604 1698 2684 Legendum
1715 2607 1749 2667 in
1763 2605 1872 2669 tuturo:

430 2698 532 2753 creato
548 2691 673 2753 dicatur.
698 2691 931 2753 Grseoaautem
948 2688 1034 2749 lectio
1049 2689 1127 2749 adeo
1182 2688 1376 2749 emundabit.
1413 2690 1463 2749 Ita
1488 2692 1569 2752 enim
1596 2691 1711 2753 habent
1739 2695 1872 2757 meliores

429 2787 596 2860 repugnat,
623 2785 658 2838 ut
678 2777 889 2839 Theodoretus
915 2777 987 2836 inde
1013 2776 1128 2854 probet,
1181 2774 1300 2836 codices
1314 2775 1416 2849 Mes,
1440 2775 1559 2840 Graeco
1574 2778 1719 2860 Syroque
1736 2790 1872 2857 textu,st

430 2866 596 2928 inermum
612 2882 677 2927 csse
699 2864 843 2946 Spiritum
863 2871 1016 2939 sanctnm3
1047 2863 1128 2942 quia,
1181 2861 1372 2925 clementina
1387 2862 1521 2928 editione
1536 2866 1782 2947 suffragantibus.
1804 2869 1872 2933 Pro:

430 2951 512 3036 quod
527 2963 679 3016 aeternum
695 2961 756 3029 est,
771 2952 884 3033 iuquit,
906 2971 967 3011 non
983 2958 1030 3011 est
1045 2969 1128 3010 crea·
1180 2958 1322 3011 nostrum
1331 2994 1341 3025 ,
1366 2950 1488 3031 quidam
1504 2951 1616 3015 Grseci
1631 2974 1669 3014 ac
1683 2956 1787 3018 Latini
1802 2955 1871 3019 sodi

430 3051 502 3103 tum.
524 3039 728 3120 Intelligeuda
743 3047 790 3101 est
804 3040 883 3100 enim
900 3038 1062 3100 aeternitas
1077 3036 1128 3097 ah·
1181 3056 1231 3098 ces
1247 3038 1368 3117 legunt:
1398 3047 1544 3100 uestram.
1581 3041 1665 3101 Nata
1687 3045 1821 3106 varietas
1840 3061 1873 3105 ox

430 3128 542 3202 soluts,
569 3127 602 3188 id
617 3135 741 3189 esttem
763 3126 857 3201 initii,
883 3145 973 3206 quam
993 3123 1062 3185 finis
1077 3143 1128 3184 ex·
1181 3124 1376 3185 similitudino
1399 3124 1583 3188 Graecarum
1606 3148 1717 3192 vocum
1740 3122 1827 3210 ἡμῶν
1849 3138 1874 3193 et

429 3233 509 3299 pers.
546 3215 668 3296 Alioqui
691 3214 767 3275 nihil
781 3212 935 3294 peculiare
950 3209 989 3274 de
1011 3211 1129 3293 Spiritu
1182 3204 1273 3288 ὑμῶν.
1312 3210 1439 3273 Veteres
1456 3212 1566 3276 Graeci
1587 3215 1700 3296 legisse
1723 3220 1873 3281 sidentur:

430 3310 534 3365 sancto
550 3302 714 3376 diceretur,
737 3321 803 3363 cnm
823 3301 990 3362 aeternitas
1005 3299 1066 3360 tine
1080 3316 1128 3358 ca·
1182 3305 1342 3375 nostrum,
1374 3299 1456 3380 qnod
1479 3308 1511 3361 et
1532 3321 1654 3363 sonsum
1677 3303 1752 3365 tacit
1765 3307 1872 3386 plenio

430 3408 502 3452 rens
516 3391 597 3451 omni
613 3390 728 3470 spiritui
745 3387 886 3450 rationali
901 3388 1064 3448 communis
1080 3386 1129 3445 ait.
1182 3405 1254 3447 rem.
1277 3386 1384 3463 Opera
1394 3396 1523 3448 mortuo
1532 3398 1621 3450 vocat
1631 3400 1769 3469 peccata,
1777 3414 1872 3475 quur-

474 3474 566 3557 Quod
589 3485 689 3538 autem
719 3476 771 3537 ille
800 3476 970 3537 neotericus
992 3474 1128 3552 scriptor,
1181 3471 1342 3533 admodum
1358 3482 1388 3533 et
1401 3493 1494 3555 supra
1508 3494 1572 3555 cap.
1589 3480 1634 3538 6.:
1660 3480 1737 3539 Nora
1752 3498 1873 3542 rursm

431 3566 528 3627 bouus
550 3562 665 3645 alioqui
687 3571 718 3624 et
740 3561 844 3623 doctus
872 3582 927 3641 pro
953 3566 1129 3639 argumento
1177 3561 1329 3635 jacientes
1342 3562 1593 3639 fundumentum
1605 3568 1826 3640 poenitentioe
1839 3566 1874 3628 ot

431 3650 531 3713 sdtert
544 3668 617 3712 susa
633 3651 790 3731 opinionis,
805 3647 886 3729 qnod
900 3647 950 3708 hio
964 3649 995 3707 in
1010 3646 1129 3709 Graeco
1182 3647 1331 3723 operibus
1345 3652 1488 3710 mortuis.
1519 3647 1582 3711 Gur
1596 3660 1698 3713 autem
1713 3655 1758 3715 its
1770 3674 1874 3717 rocon

431 3735 538 3799 codice
553 3758 613 3798 non
625 3737 747 3798 additur
761 3736 913 3809 articulus,
928 3734 1002 3794 nihil
1014 3733 1129 3814 probat,
1181 3743 1230 3794 tur
1245 3733 1357 3795 ibidem
1373 3738 1511 3815 exposite
1526 3745 1573 3798 cst
1588 3739 1680 3816 ratio;
1703 3743 1779 3821 quia
1792 3743 1874 3806 nimi·

431 3825 502 3906 quia
527 3825 617 3885 etiam
647 3826 745 3905 capite
769 3827 798 3885 2.
821 3822 911 3901 hujus
933 3822 1048 3901 Epist,
1075 3820 1129 3881 ubi
1180 3839 1246 3881 rum
1260 3821 1327 3882 tinia
1342 3830 1372 3883 et
1385 3822 1568 3902 stipendium
1591 3825 1711 3888 illorum
1731 3847 1813 3890 mors
1827 3836 1875 3900 ast,

431 3912 557 3973 dicitnr:
573 3913 617 3973 n't
632 3914 732 3974 coriis
746 3912 886 3988 Spiritus
899 3912 1001 3971 soocti
1016 3908 1128 3968 distri-
1180 3908 1265 3968 Rom.
1297 3912 1325 3969 6.
1355 3909 1584 3990 Chrysostomus
1620 3912 1760 3976 alludere
1796 3922 1876 3997 putat

430 3998 632 4078 butioailrus3
659 4006 688 4059 et
714 4018 780 4078 cap.
808 4000 837 4058 6.
864 3997 922 4057 ibi:
949 3997 1128 4071 Porticiprs
1180 3995 1359 4074 Apostolum
1374 3998 1413 4056 ad
1437 3996 1484 4070 id,
1508 3997 1591 4079 quod
1612 3999 1706 4062 fiebat
1728 4003 1761 4065 iu
1776 4003 1875 4083 ligura

428 4087 511 4165 socii
524 4094 601 4150 sunt
614 4088 753 4164 Spiritus
772 4086 892 4159 eoacti,
914 4082 1015 4146 nullus
1037 4083 1128 4144 estin
1180 4081 1258 4141 Nam
1281 4083 1324 4155 si,
1346 4085 1398 4162 qui
1422 4104 1529 4164 corpus
1551 4095 1698 4149 mortuum
1723 4091 1876 4171 tetigisset,

430 4171 547 4235 Graeco
563 4174 705 4235 articulus
720 4172 884 4254 appositus.
918 4172 1041 4231 Dicitur
1054 4189 1127 4230 sane
1178 4167 1382 4249 polluebatur,
1405 4171 1457 4243 ita,
1473 4173 1526 4251 qui
1540 4172 1614 4233 lacit
1628 4193 1704 4254 opus
1719 4186 1875 4249 mortuum,

324 4328 329 4337 ,
430 4260 535 4321 etalia
551 4260 687 4323 Christus
702 4261 813 4320 iecisse
828 4279 883 4340 per
898 4255 1041 4338 Spiritum
1058 4276 1125 4316 sen·
1180 4254 1335 4335 polluitur.
1372 4258 1414 4317 Et
1428 4258 1492 4319 illic
1510 4259 1633 4339 quidem
1648 4281 1768 4325 curnem
1784 4262 1876 4347 apol·

429 4356 510 4408 ctum
525 4357 578 4409 aut
597 4349 629 4409 iu
644 4348 755 4428 Spiritu
777 4353 894 4417 utrem,
918 4345 1012 4405 veluti
1027 4344 1126 4423 bapti·
1180 4341 1296 4404 lutione
1310 4348 1441 4405 contacti
1465 4344 1622 4410 cadaveris
1637 4352 1826 4414 emundshst
1839 4351 1875 4411 ai-

428 4452 517 4508 sars,
533 4433 692 4495 daemonia
706 4435 832 4513 ejicere,
854 4433 1045 4513 praecipere,
1069 4430 1127 4491 hoc
1178 4432 1227 4492 nia
1242 4430 1359 4492 vitulae
1375 4451 1530 4512 aspersus;
1557 4434 1606 4495 hio
1627 4455 1701 4497 vero
1725 4440 1875 4502 coassist-

428 4530 622 4604 postremum,
636 4525 703 4583 Act.
719 4526 746 4582 1.
769 4520 843 4582 Sive
856 4527 955 4579 autem
968 4521 1127 4597 Spiritum
1177 4520 1264 4591 tiam,
1281 4518 1311 4579 id
1326 4527 1372 4579 est
1385 4520 1514 4580 animam
1529 4539 1583 4582 seu
1598 4531 1738 4601 mentem,
1754 4526 1794 4588 ah
1809 4543 1875 4606 ops·

428 4615 573 4670 mucium
587 4610 739 4690 legamus,
768 4608 834 4669 siro
848 4608 1005 4685 Spiritum
1020 4614 1126 4669 oeter-
1178 4606 1261 4666 ribus
1282 4608 1406 4667 mortuis
1430 4618 1580 4688 expurgat
1605 4612 1730 4690 sangnis
1757 4612 1875 4674 Christi.

427 4713 526 4771 rrum,
563 4696 713 4777 significat
746 4694 927 4776 Apostolus,
966 4694 1127 4767 Christum,
1179 4692 1371 4755 Conscientia
1392 4715 1452 4754 non
1473 4703 1573 4775 potest
1594 4697 1723 4780 intelligi
1750 4701 1875 4782 propris,

428 4791 571 4845 morante
592 4803 660 4846 eum
682 4792 714 4845 et
732 4784 878 4844 incitante
891 4782 1006 4861 Spiritu
1021 4789 1126 4842 sanato
1180 4782 1268 4860 quusi
1283 4800 1388 4842 sensus
1410 4784 1464 4842 sit:
1490 4783 1624 4859 Efficiat,
1646 4793 1680 4845 ut
1702 4789 1875 4850 consinus

429 4865 511 4948 (nam
534 4889 628 4950 opere
642 4871 766 4932 divinae
787 4870 929 4931 bonitatis
944 4879 1128 4947 nostraeque
1180 4869 1291 4928 conscii
1302 4877 1502 4948 peccatorum.
1526 4871 1604 4930 Nam
1617 4890 1711 4952 saepe
1720 4875 1875 4955 contingit,

428 4957 668 5020 sanctificationis
683 4958 807 5040 Spiritui
830 4963 934 5017 sancto
958 4954 1056 5015 solent
1072 4973 1124 5034 ap·
1181 4973 1247 5015 esse
1262 4965 1435 5034 paccatum,
1462 4958 1514 5018 ubi
1535 4976 1597 5019 non
1620 4960 1657 5019 sit
1674 4964 1795 5040 poccstl
1808 4981 1874 5024 cos·

427 5044 606 5126 propriori),
630 5053 726 5108 semu
746 5048 851 5124 ipsum
874 5041 1020 5105 obtulitss
1043 5043 1123 5117 Deo,
1180 5042 1325 5119 scientis;
1351 5044 1427 5126 quin
1441 5044 1650 5126 etApostolns
1672 5048 1765 5110 dicit:
1790 5047 1876 5113 uos
