4442 5825
800 610 1008 667 stimulatu.
1027 611 1228 668 maritum.
1263 611 1347 667 ms.
1368 613 1391 666 i.
1409 612 1435 666 2.
1739 616 1813 687 m

364 796 590 884 insipientium
627 814 738 863 errore
774 794 922 863 traducti
956 794 1120 862 excidatis
1147 814 1167 861 a
1192 794 1330 883 propris
1364 793 1537 879 firmitate3
1583 794 1641 860 18.
1670 791 1813 859 crescite

364 921 447 968 vero
474 903 508 967 in
535 899 655 987 grstia,
684 906 719 976 et
741 900 775 966 in
795 900 985 985 cognitione
1007 899 1141 966 Domini
1163 901 1269 965 nostri
1292 904 1327 965 et
1348 896 1543 984 Salvatoris,
1570 894 1654 964 Jssu
1677 893 1813 964 Christi.

363 1003 434 1092 lpsi
462 1005 569 1092 gloria
596 1009 632 1071 ct
657 1024 756 1090 nunc,
785 1004 880 1070 etin
908 1002 996 1071 dium
1023 1003 1252 1072 aeternitatis!
1279 1003 1398 1070 Amen.

859 1366 1062 1436 suiidiuiuii
1084 1366 1211 1435 uiuitis
1232 1365 1377 1435 suddit.

364 1490 479 1542 iievocat
497 1490 533 1540 eis
552 1490 578 1540 in
597 1489 749 1541 memoriam
767 1488 867 1552 priores
885 1501 947 1542 suas
965 1488 1163 1553 admonitiones,
1181 1489 1298 1542 muniens
1317 1499 1363 1540 eos
1381 1486 1508 1539 adversus
1524 1485 1688 1550 impostores.
1719 1484 1815 1547 Manet,

471 1565 498 1609 ut
523 1561 547 1609 in
571 1559 710 1610 adventum
734 1559 832 1610 domini
856 1571 915 1610 sese
940 1564 1109 1622 praeparent,
1141 1557 1244 1623 quando
1276 1557 1341 1610 coeii
1367 1559 1393 1609 et
1417 1558 1488 1608 terra
1511 1553 1709 1609 innovabuntur.
1744 1551 1815 1605 i’auii

473 1627 585 1684 inostoii
603 1628 747 1679 doctrinam
765 1628 801 1679 eis
820 1627 993 1689 commendat,
1012 1639 1131 1687 monens,
1149 1625 1181 1679 sb
1198 1626 1307 1679 indoctis
1325 1625 1394 1679 mule
1412 1625 1527 1690 intelligi.
1553 1622 1667 1688 lienique
1685 1623 1815 1686 bortatur,

470 1703 498 1749 ut
516 1708 634 1748 errorem
652 1696 783 1760 fugientes
801 1697 935 1760 proliciunt
952 1698 978 1748 in
996 1696 1080 1760 gnada
1097 1696 1152 1748 ilai.

411 1827 440 1882 1.
465 1822 561 1881 Hanc
576 1839 642 1881 eece
656 1822 754 1897 uobis,
771 1823 936 1896 sumunt,
951 1839 1064 1881 secun·
1117 1819 1250 1881 scribens
1261 1820 1403 1881 sincerae
1412 1819 1536 1894 mentis,
1548 1815 1580 1879 id
1592 1823 1639 1878 ost
1651 1815 1723 1895 ujus,
1735 1831 1814 1894 quae

365 1909 442 1969 cium
458 1909 558 1969 scribo
571 1909 745 1984 epiatolam.
762 1907 1064 1969 Graecasiobsbentz
1118 1905 1320 1968 simulationis
1349 1906 1389 1966 sit
1418 1923 1542 1986 expers,
1573 1903 1702 1964 maxima
1730 1897 1814 1982 quod

362 1998 557 2070 Hancjam,
579 1996 695 2070 dilecti,
719 1996 889 2056 secundam
905 1995 993 2056 uobis
1008 2002 1077 2054 etc.⁴
1115 2013 1199 2055 mens
1224 1992 1396 2073 hujumodi
1417 1993 1457 2052 ait
1479 1991 1695 2054 admonitionis
1720 2007 1811 2070 capa·

361 2083 519 2161 Interpres
530 2101 583 2162 pro
600 2075 671 2161 ἤδη,
687 2082 768 2162 quod
780 2080 869 2142 bodie
881 2084 912 2142 in
925 2081 1064 2141 omnibus
1117 2083 1189 2142 sior.

361 2179 409 2230 est
432 2168 566 2242 Graecis,
590 2169 680 2248 legit:
707 2161 781 2245 ἰδοὺ,
806 2188 881 2229 ecce.
913 2167 1006 2228 Porro
1028 2167 1063 2227 B.

360 2258 482 2329 Petrus,
495 2257 668 2317 secundam
680 2257 764 2317 bunc
776 2257 934 2317 nominans
946 2256 1063 2331 episto·
1160 2255 1189 2313 ἣ.
1227 2253 1266 2314 Ut
1294 2268 1446 2313 memores
1474 2252 1542 2311 sitis
1572 2268 1699 2326 eorum,
1729 2266 1813 2327 quac

359 2344 429 2403 lam
445 2344 490 2403 ad
506 2346 732 2419 couscriptum,
756 2345 831 2403 satis
852 2343 955 2422 utique
971 2342 1063 2420 signi·
1115 2340 1277 2417 praedici,
1293 2337 1461 2400 uerborum
1474 2355 1495 2397 a
1505 2341 1623 2399 sannis
1637 2338 1813 2413 Propteete.

358 2432 439 2503 ficut,
457 2450 491 2490 se
506 2430 587 2509 prius
603 2429 641 2489 ad
659 2429 787 2503 eosdem,
809 2450 864 2490 nec
877 2429 989 2511 pluras,
1010 2425 1064 2488 sed
1116 2427 1176 2486 Hie
1201 2426 1267 2505 jam
1297 2445 1393 2486 sermo
1424 2419 1639 2486 commonentis
1668 2431 1724 2485 cst.
1775 2421 1814 2485 In

359 2536 454 2578 unam
470 2517 638 2596 Epistolam
651 2515 781 2576 dedisse.
1116 2512 1235 2575 Gracco
1250 2532 1310 2573 non
1333 2520 1379 2572 est
1402 2511 1545 2572 verbum:
1569 2511 1734 2587 praedixi,
1759 2507 1814 2571 sed

405 2605 448 2663 ln
465 2603 578 2681 quibus
600 2611 737 2663 vestram
754 2605 855 2664 excito
871 2605 906 2663 in
922 2619 1062 2662 commo·
1116 2601 1322 2680 perticipium:
1346 2600 1407 2657 τῶν
1429 2587 1667 2675 προειρημένων,
1691 2613 1813 2672 eorum

359 2695 490 2752 ailiam
513 2693 669 2751 sinceram
693 2698 837 2750 mentem.
873 2691 914 2750 In
938 2688 1061 2766 quibam,
1117 2705 1198 2765 quoe
1217 2687 1384 2765 praedicta
1405 2693 1489 2747 sunt.
1518 2684 1629 2764 Itaque
1651 2682 1759 2745 molius
1784 2690 1815 2744 st

360 2777 497 2839 Graece:
513 2769 545 2835 ἐν
561 2767 629 2850 αἶς,
646 2777 793 2837 foemineo
809 2796 932 2856 genare3
955 2784 1063 2835 utnon
1117 2773 1321 2835 elariusbsnc
1335 2780 1452 2854 partem
1475 2773 1518 2831 ita
1538 2779 1658 2832 vertaa:
1691 2771 1731 2833 iit
1744 2788 1812 2831 mc·

360 2865 445 2937 alio,
473 2883 562 2944 qnam
588 2862 626 2923 ad
649 2862 803 2943 lipistolos
828 2861 932 2924 referri
959 2863 1063 2942 possit,
1115 2877 1218 2922 mores
1243 2863 1311 2922 sitis
1336 2859 1516 2935 verborum,
1543 2876 1625 2937 quae
1645 2857 1814 2936 praedicta

361 2971 459 3032 quum
474 2961 573 3010 tamen
593 2972 653 3011 non
669 2951 840 3027 Epistolas,
864 2949 916 3009 sed
932 2952 1062 3027 Episto-
1114 2955 1189 3009 sunt
1205 2967 1226 3008 a
1241 2950 1360 3009 sanctia
1374 2948 1549 3025 Prophetis.
1572 2945 1625 3007 Sic
1640 2947 1716 3008 enim
1732 2944 1812 3006 idem

361 3041 429 3098 iam
462 3038 583 3098 dixerit.
628 3037 717 3098 Unde
746 3037 882 3098 nonnulli
916 3037 1063 3117 suspicati
1116 3037 1261 3115 interpres
1284 3036 1372 3095 vertit
1393 3033 1625 3094 admonitionum
1648 3032 1717 3092 buis
1732 3032 1812 3092 simi·

360 3134 441 3196 sunt,
457 3124 505 3183 bic
520 3143 585 3184 esse
600 3124 816 3196 soloecismum,
839 3124 879 3183 ud
895 3143 984 3202 quem
1000 3125 1061 3184 ovi·
1115 3123 1182 3196 lam,
1199 3141 1278 3202 quse
1294 3121 1383 3181 estin
1399 3120 1540 3201 Epistola
1553 3118 1671 3181 Judae:
1690 3119 1814 3181 Mema-

360 3211 490 3271 tandum
517 3219 634 3270 ιοηοτο
656 3210 784 3270 malunt:
815 3212 883 3269 Has
908 3210 1063 3271 secundas
1114 3227 1174 3282 res,
1190 3210 1296 3288 inquit,
1312 3214 1406 3268 estote
1420 3206 1601 3281 uerborum,
1617 3224 1699 3283 quae
1712 3222 1812 3282 prac-

360 3298 453 3359 cobis
475 3296 575 3357 scribo
599 3297 719 3372 literas,
744 3301 780 3358 in
795 3296 907 3374 quibus
923 3304 977 3357 etc.
1001 3295 1062 3357 Sed
1115 3296 1202 3355 dicta
1216 3301 1291 3355 sunt
1312 3295 1352 3354 ab
1368 3294 1528 3370 Apostolis
1543 3299 1598 3353 cic.
1622 3291 1746 3353 Plenius
1761 3312 1812 3354 au·

361 3406 424 3445 non
452 3392 499 3443 est
523 3382 723 3461 attingendum
746 3383 781 3444 B.
805 3383 896 3442 Patro
922 3382 973 3443 val
996 3383 1062 3461 ejus
1115 3390 1173 3441 tem
1188 3382 1237 3441 hic
1250 3382 1385 3462 loquitur
1396 3380 1512 3454 Petrus,
1528 3380 1612 3460 prius
1628 3378 1811 3459 adPropbc·

361 3471 538 3531 amanuensi
554 3471 659 3530 vitium
672 3469 893 3532 Grammaticus
904 3478 964 3530 tam
976 3489 1061 3548 sper·
1114 3477 1222 3539 tarum,
1246 3466 1355 3528 danda
1376 3465 1416 3528 ad
1431 3464 1644 3547 Apostolorum
1659 3464 1753 3527 verba
1765 3472 1810 3526 at·

361 3569 435 3631 tum,
452 3566 486 3615 ut
500 3556 657 3616 scriberet:
679 3558 869 3633 Epistolarn,
887 3559 923 3618 in
937 3556 1061 3634 quibus,
1114 3575 1172 3635 que
1198 3562 1358 3635 praecepta
1387 3554 1487 3614 snimo
1515 3550 1678 3614 recolenda
1708 3550 1812 3614 fideles

361 3664 434 3725 pra:
447 3646 569 3721 inqua.
586 3644 721 3703 Dicimus
734 3644 1062 3723 ergo,Petrum,quum
1115 3644 1257 3715 excitans,
1283 3649 1317 3701 ut
1342 3641 1396 3721 qui
1421 3659 1476 3721 pcr
1499 3638 1588 3700 iidem
1611 3640 1641 3699 in
1664 3637 1812 3719 baptismo

360 3731 420 3791 ait:
436 3734 474 3791 in
489 3730 611 3807 quibus,
628 3729 803 3791 relationem
818 3730 919 3791 facere
936 3729 974 3790 ad
990 3750 1062 3802 rem,
1113 3736 1282 3807 susceptam
1308 3736 1407 3789 essent
1432 3725 1692 3804 superaedificati
1715 3741 1811 3802 super

360 3837 424 3878 non
440 3816 480 3876 ad
497 3837 615 3892 rocem3
635 3817 717 3898 qnod
729 3837 820 3898 saepe
832 3816 946 3877 iaciunt
956 3817 1061 3895 optimi
1111 3816 1363 3893 fundamentum
1379 3814 1606 3890 Apostolorum
1621 3820 1651 3873 st
1665 3813 1810 3890 Propte-

362 3904 480 3983 quiquo
495 3904 664 3983 scriptores.
688 3903 726 3964 Id
749 3913 803 3977 est,
826 3904 924 3963 iacere
943 3903 1061 3963 ralatio·
1114 3910 1232 3976 tarum,
1249 3901 1329 3981 lipb.
1346 3902 1375 3962 2.
1391 3900 1452 3961 Sed
1468 3909 1612 3980 utsupra,
1635 3919 1701 3979 cap.
1719 3903 1756 3974 1,
1771 3896 1812 3961 ad

361 4009 431 4052 rrcur
449 3989 488 4049 ad
505 3990 579 4050 duas
592 3991 754 4070 Epistulas,
768 3990 868 4050 verbis
884 3988 1061 4069 praecodcn·
1113 3998 1253 4068 utrosque
1270 3987 1434 4047 audiendos
1448 3985 1508 4046 fuit
1522 3985 1706 4047 adhortatus.

361 4078 442 4138 tibus
458 4078 647 4155 significatas,
671 4096 708 4136 ac
723 4079 749 4137 si
764 4076 890 4136 dicaret:
912 4076 1002 4136 Hanc
1018 4093 1061 4134 sa·
1156 4077 1201 4135 Et
1223 4074 1448 4151 Apostolorum
1468 4078 1659 4148 vestrorum,
1679 4091 1812 4152 praece·

360 4163 493 4226 cundam
506 4163 673 4242 Epistolem
687 4164 773 4223 vobis
788 4163 885 4223 scribo
901 4169 971 4241 post
985 4163 1061 4240 prio·
1112 4168 1244 4238 ptorum
1273 4162 1408 4222 Domini
1438 4168 1468 4220 et
1495 4160 1682 4222 Saloutaria.
1724 4161 1812 4224 flues

359 4272 445 4326 rem3
461 4253 492 4310 in
508 4249 617 4331 quibus
629 4248 747 4309 duabus
758 4250 906 4331 Epistolis
918 4270 971 4329 per
982 4268 1060 4307 oom-
1114 4267 1184 4329 pars
1199 4248 1368 4308 intricatior
1384 4256 1435 4319 ast,
1459 4248 1549 4307 ctiam
1565 4248 1596 4307 in
1608 4245 1733 4322 Grseco,
1757 4248 1812 4310 ubi

360 4339 556 4399 monitionem
577 4338 673 4398 excito
698 4345 726 4395 ct
746 4336 906 4397 exstimulo
928 4342 1061 4396 vestram
1114 4336 1158 4394 sie
1179 4332 1363 4394 adverbum
1389 4332 1534 4395 babetur:
1561 4335 1605 4395 Et
1627 4337 1704 4409 ejus,
1725 4333 1812 4412 quod

361 4428 512 4485 sinceram
543 4434 682 4483 mentem.
726 4424 807 4483 Hinc
843 4425 931 4483 etiam
967 4430 1060 4501 putet,
1114 4429 1158 4481 est
1172 4422 1398 4497 Apostolorum
1413 4427 1596 4481 nostrorum
1612 4415 1682 4495 (seu
1695 4417 1812 4500 nostrl)

360 4521 524 4589 utramque
554 4510 722 4589 Epistolom
759 4512 948 4569 monitorium
986 4526 1060 4568 essu.
1115 4507 1273 4582 mandati,
1298 4507 1434 4568 Domini
1456 4516 1485 4568 et
1506 4508 1693 4569 Saloutaria.
1715 4507 1812 4569 Inter·

361 4596 454 4679 Quod
470 4595 675 4657 commonendi
688 4595 819 4656 studium
833 4592 1059 4675 jumsnprsdc·
1114 4614 1182 4673 pres
1204 4593 1279 4673 legit
1303 4613 1466 4693 pronomen
1489 4593 1640 4655 secundae
1663 4612 1812 4673 personas

361 4687 500 4756 claravit,
528 4704 591 4762 esp.
619 4687 646 4742 1.
670 4682 786 4743 dicens:
816 4684 952 4758 Propter
976 4680 1061 4759 quod
1096 4673 1207 4759 Ιὑμῶν,
1231 4701 1285 4762 pro
1301 4682 1388 4759 ημῶν
1402 4682 1525 4761 primae,
1548 4678 1630 4759 quod
1645 4699 1727 4741 nunc
1741 4699 1811 4743 con·

360 4775 519 4850 incipiam
538 4788 592 4830 uos
606 4788 728 4846 seraper
743 4786 940 4830 commonere
952 4776 1010 4846 ete,
1022 4767 1062 4826 Et
1112 4777 1228 4829 stanter
1253 4768 1365 4829 babent
1392 4766 1518 4839 Graeca,
1545 4765 1811 4847 complutensibus

361 4861 441 4920 sicut
454 4858 520 4919 illic
541 4858 655 4916 animos
677 4875 778 4916 eornm
795 4855 987 4927 conciliabat,
1010 4874 1059 4933 ap·
1114 4854 1257 4934 exceptis.
1281 4855 1444 4935 Numquis
1463 4852 1625 4913 videbatur
1639 4852 1811 4930 absurdum,

361 4946 480 5027 pelians
501 4945 632 5005 aciemn
646 4950 676 5003 et
694 4942 897 5019 confirmatos
911 4944 947 5003 in
960 4960 1060 5018 prae·
1111 4949 1146 5000 ut
1160 4941 1267 5001 Petrus
1290 4940 1419 5001 diceret:
1441 4938 1667 5018 Apostolorum
1682 4948 1811 5003 nostra·

361 5037 442 5096 senti
457 5034 604 5106 veritate,
620 5030 663 5090 ita
678 5037 710 5090 et
722 5030 780 5106 bic,
796 5029 917 5091 laudem
932 5028 992 5090 illis
1004 5026 1056 5089 ud·
1111 5045 1197 5103 mem,
1220 5028 1273 5107 qni
1293 5028 1358 5107 ipse
1382 5033 1445 5087 crat
1465 5024 1640 5108 Apostolus,
1667 5028 1812 5111 idemque

1537 5126 1604 5163 ln.
