4442 5825
395 611 467 678 182
907 600 1143 656 coumurmus
1159 600 1190 654 ru
1208 600 1275 655 car.
1293 599 1352 655 rm.

390 797 444 858 per
459 795 567 856 quem,
584 779 638 837 atsi
654 777 743 855 longe
757 786 824 858 poet
840 786 1005 850 venturum,
1022 797 1086 857 pro·
1140 777 1282 838 ditionem
1308 796 1327 836 a
1349 777 1546 856 promissione
1568 777 1643 836 novi
1668 776 1815 835 mammti

391 865 481 924 missa
495 861 554 922 tait
576 867 706 924 omnium
731 876 895 944 temporum
919 864 1087 924 hominibus
1140 874 1288 935 removet,
1312 864 1363 923 lib.
1390 869 1416 924 1.
1441 864 1478 924 de
1500 871 1597 924 voest.
1621 869 1703 940 gent.
1725 865 1816 939 oapi.

393 970 409 1010 e
424 957 573 1029 potestate
589 950 703 1011 diaboli
716 951 862 1020 liberatio,
878 950 1000 1010 divinae
1012 951 1088 1030 legis
1139 953 1182 1012 ita
1196 953 1343 1012 scribens·
1364 953 1474 1012 Maneat
1486 967 1639 1025 morus,
1655 956 1686 1009 et
1699 948 1820 1024 quotidie

392 1036 560 1098 observatio
576 1046 606 1097 et
619 1038 684 1096 vita
702 1047 832 1097 aeterna.
855 1037 923 1116 Quo
939 1039 1089 1115 pertinent
1140 1039 1301 1113 impletur,
1328 1039 1414 1113 quod
1432 1037 1581 1098 Abrabae
1596 1037 1755 1097 Dominus
1767 1037 1822 1097 ties

392 1124 470 1184 aliae
491 1124 602 1183 similes
625 1123 663 1184 de
679 1122 798 1184 Christo
821 1135 947 1184 vrrnturo
963 1127 1086 1203 promis·
1140 1125 1320 1185 condidam
1332 1127 1498 1200 promisit,
1527 1125 1596 1184 sine
1612 1123 1680 1198 leqe
1695 1121 1824 1183 donauit.

392 1213 506 1283 aiones,
537 1212 604 1271 sive
633 1209 672 1270 ad
702 1210 855 1271 Abrabam
879 1219 908 1270 st
938 1211 1087 1271 Davidem
1142 1211 1208 1270 Hoc
1231 1213 1346 1290 quippo
1372 1220 1434 1285 est,
1465 1209 1546 1290 qnod
1575 1208 1728 1270 Dominus
1756 1208 1825 1287 apud

391 1298 507 1367 saetae,
533 1298 598 1358 sive
621 1317 674 1378 psr
695 1297 861 1376 Prophetas
883 1297 1087 1371 annuntiatae,
1141 1298 1325 1358 Ezechielem
1340 1296 1426 1358 dioit:
1453 1299 1527 1358 Non
1547 1303 1684 1372 propter
1709 1313 1761 1355 uos
1780 1314 1827 1370 aaa

393 1386 458 1446 sive
471 1384 561 1444 etiam
577 1403 632 1464 per
653 1386 734 1463 ipsae
757 1386 902 1460 antiquae
928 1383 1007 1461 legis
1021 1403 1086 1444 oae-
1139 1385 1279 1461 faeiarn,
1305 1384 1358 1444 aad
1383 1391 1518 1461 propter
1544 1400 1664 1444 nomen
1694 1389 1826 1445 wadan

392 1472 542 1532 aemonias
567 1471 763 1550 significatae.
804 1469 894 1548 Quod
917 1473 992 1529 euim
1019 1491 1086 1549 pro·
1142 1489 1263 1545 measa,
1281 1470 1398 1531 ibidem.
1433 1472 1483 1531 ltlx
1498 1469 1608 1549 quibua
1623 1472 1716 1529 etiam
1732 1468 1826 1530 retolli·

392 1560 493 1618 missio
509 1556 591 1618 laeta
606 1556 747 1618 Abrahae
770 1560 921 1635 pertineat
943 1556 981 1616 ad
998 1566 1086 1617 testa·
1142 1566 1191 1616 tur
1212 1559 1403 1636 imaginatio,
1430 1577 1492 1636 qua
1514 1555 1616 1617 diuers
1638 1557 1710 1637 quis
1731 1564 1828 1635 ponet,

355 1657 356 1661 ’
393 1653 525 1706 mentum
554 1663 681 1716 novum,
719 1642 805 1702 docet
835 1662 889 1702 noe
918 1643 1088 1715 Zachariae,
1143 1645 1220 1703 lrano
1244 1645 1341 1722 ipsam
1368 1645 1608 1724 promissionem,
1624 1661 1704 1720 -qua
1730 1641 1829 1703 deun

393 1732 525 1794 «loannis
541 1730 697 1811 Baptistae
711 1740 811 1809 pater,
827 1732 857 1790 in
873 1727 998 1790 Oantioo
1013 1731 1088 1791 Luc.
1143 1740 1202 1790 est:
1226 1732 1317 1791 Dabo
1333 1731 1430 1807 lepem
1448 1749 1550 1791 aream
1566 1737 1639 1800 ete,
1668 1737 1829 1792 ratumne·

365 1867 366 1870 ,
395 1824 431 1892 1.,
447 1816 499 1877 nbi
515 1814 596 1890 dieit,
612 1817 710 1877 Deum
724 1819 896 1876 memorari
911 1820 1090 1877 &nomenti
1144 1818 1222 1890 tore,
1249 1820 1307 1879 nisi
1332 1819 1424 1879 etiam
1446 1817 1534 1877 bomo
1551 1814 1773 1897 suumaliquid
1785 1814 1830 1877 ad·

392 1907 443 1966 sai
457 1909 578 1981 eoacti;
605 1903 696 1983 idque
719 1903 891 1983 explicans,
919 1904 1088 1982 subjungit:
1143 1905 1219 1964 ferat
1234 1914 1354 1983 preater
1376 1903 1424 1976 id,
1455 1902 1536 1982 quod
1550 1903 1636 1963 Deus
1653 1921 1689 1962 se
1704 1900 1829 1982 &toran

392 1991 655 2065 separandam,
680 1990 766 2067 quod
783 1992 910 2064 juravit
925 1991 967 2049 ad
984 1991 1088 2050 Abra·
1143 1992 1297 2070 promittit.
1335 1991 1386 2052 Sic
1410 1992 1486 2051 enim
1511 2009 1572 2050 non
1600 1988 1757 2063 absolute,
1781 1981 1831 2055 aab

394 2080 467 2139 bam
481 2084 608 2152 patrem
628 2083 790 2151 nostram,
815 2077 968 2137 ausonam
982 2096 1013 2137 se
1027 2095 1089 2137 ao·
1144 2081 1209 2138 eine
1223 2076 1396 2138 uenditione
1411 2078 1597 2157 promisisset
1615 2076 1714 2137 Deus.
1751 2072 1830 2156 Quod

395 2165 459 2240 bis,
485 2171 522 2224 ut
536 2167 603 2225 siae
618 2167 747 2237 timore,
771 2164 809 2222 de
825 2182 928 2224 mano
942 2167 1089 2225 im'mioo·
1143 2168 1167 2225 si
1191 2166 1390 2236 aeneatoris,
1417 2165 1527 2244 poturit
1553 2182 1626 2242 ergo
1652 2165 1728 2225 novi
1752 2172 1830 2227 m

394 2269 468 2313 maa
482 2259 667 2328 metaurum
681 2250 825 2324 liberati,
848 2253 1024 2311 serviamus
1039 2252 1090 2310 illi
1143 2254 1236 2311 menti
1248 2252 1404 2329 promissio
1420 2251 1574 2322 nostrati,
1597 2250 1727 2330 perinde
1742 2258 1775 2311 nt
1788 2270 1829 2311 ve

394 2342 430 2400 ia
445 2342 612 2399 soaotitote
631 2339 796 2411 etjnotitia
812 2355 919 2397 coram
937 2341 1004 2414 ipso
1020 2356 1089 2398 om·
1143 2340 1230 2414 teris,
1262 2339 1381 2397 homine
1406 2346 1526 2416 pastam
1552 2335 1760 2399 conditionem
1781 2354 1830 2399 tn

394 2425 610 2488 attaediatus
621 2427 745 2485 nostris.
769 2423 860 2503 Quae
871 2424 1008 2503 profecto
1019 2426 1090 2484 novi
1143 2434 1298 2502 servanteq
1326 2433 1357 2483 et
1372 2422 1411 2484 de
1425 2445 1503 2485 novo
1519 2430 1701 2485 testamento
1716 2423 1829 2497 diaetas,

394 2515 563 2574 testamenti
573 2513 784 2592 promissiones
792 2520 870 2571 eunt.
892 2511 1001 2591 Liquet
1009 2532 1089 2590 ergo,
1107 2548 1110 2553 >
1143 2514 1222 2572 sieut
1237 2510 1275 2572 de
1288 2512 1402 2573 veteri:
1429 2513 1590 2590 wantum
1605 2513 1670 2588 ipat
1685 2526 1754 2573 nott
1764 2526 1831 2588 pn·

393 2619 503 2660 novom
516 2606 735 2669 testamentum,
750 2599 835 2658 eires
851 2601 917 2677 ipsa
932 2607 1091 2679 spectetur,
1143 2606 1332 2660 manserunt
1352 2600 1389 2658 in
1409 2605 1594 2659 manento
1616 2616 1709 2673 meo,
1735 2604 1765 2659 st
1783 2612 1831 2675 sp

365 2684 426 2747 'id
454 2694 499 2746 eet
521 2695 641 2765 paetum
668 2690 700 2744 et
720 2685 874 2763 promissio
897 2706 976 2745 novo
1000 2694 1089 2746 testa·
1143 2687 1267 2762 πορίσω·
1281 2704 1340 2748 eos.
1378 2683 1470 2763 Quod
1492 2691 1539 2747 eet
1559 2682 1722 2747 manifeste
1740 2692 1830 2747 anae

394 2780 492 2833 mento
507 2773 643 2851 propria,
670 2780 804 2850 tempore
818 2773 901 2850 prins
913 2790 979 2832 esee
994 2773 1089 2833 veteri
1143 2773 1342 2853 promittentis
1357 2772 1563 2833 intentionem.

395 2866 584 2932 meum,
610 2856 691 2938 qnod
712 2856 813 2919 datam
836 2866 883 2919 oet
904 2878 957 2940 per
974 2859 1088 2920 Mosen.
1186 2858 1246 2921 Sed
1268 2859 1358 2938 hujus
1381 2856 1574 2921 dubitationis
1593 2857 1696 2921 facilis
1719 2861 1774 2922 erit
1790 2876 1827 2921 aa

394 2947 491 3008 Beate
506 2955 607 3007 tamen
630 2966 665 3006 aa
688 2947 791 3005 mento
814 2965 925 3005 novum
948 2944 1091 3006 dicituro
1142 2947 1234 3021 lntio,
1251 2948 1278 3006 ei
1293 2944 1496 3019 advertamus,
1518 2946 1699 3008 voeabulnm
1713 2946 1828 3008 Hebrai-

396 3034 568 3114 Propheta3
590 3052 650 3092 non
669 3032 765 3092 eolum
779 3035 854 3112 quia
867 3033 1015 3094 hominem
1029 3036 1090 3113 spi·
1145 3055 1211 3095 eum
1226 3035 1344 3107 berith,
1372 3053 1500 3114 proquo
1516 3054 1596 3094 nune
1607 3033 1743 3111 foedata,
1763 3039 1828 3096 nul

396 3121 545 3183 ritualiter
560 3139 599 3181 ex
612 3122 707 3181 veteri
722 3118 794 3179 lauit
808 3139 935 3193 novum,
964 3121 994 3182 id
1010 3119 1091 3200 quod
1142 3130 1274 3199 poetam
1290 3121 1390 3181 Latini
1406 3120 1534 3180 reddunt
1556 3121 1754 3201 interpretes,
1773 3127 1827 3185 ια’

398 3211 516 3289 gratiae
541 3208 693 3287 proprium
720 3215 780 3282 est,
807 3227 909 3267 verum
932 3209 1023 3268 etiam
1044 3227 1091 3269 ra·
1145 3209 1225 3269 latae
1255 3206 1496 3287 significationis,
1525 3217 1557 3267 ut
1585 3228 1647 3268 non
1679 3207 1775 3271 solum
1798 3227 1827 3270 α

397 3298 479 3357 tione
494 3296 651 3374 temporie3
684 3315 754 3354 nam
770 3301 801 3353 et
814 3296 960 3354 saeuitum
976 3304 1023 3355 eet
1038 3314 1091 3374 po·
1145 3293 1394 3375 comprehendat,
1410 3315 1490 3375 quae
1505 3295 1627 3375 proprie
1646 3293 1773 3357 foedera
1784 3313 1825 3358 su

332 3443 337 3452 ,
396 3384 513 3446 nteriori
529 3392 679 3460 temporo,
698 3382 812 3443 seilicet
825 3382 857 3441 in
870 3391 965 3442 morte
980 3380 1094 3444 Christi
1144 3382 1852 3463 pmadienntunverumsuampromtuioes‘

395 3469 601 3551 redemptoris,
617 3478 648 3531 et
663 3467 1091 3549 deindemnndopatetaetum
1144 3472 1292 3551 gratuitus
1308 3478 1338 3529 et
1360 3469 1398 3528 ab
1430 3471 1508 3529 omni
1524 3468 1702 3531 eonditione
1715 3469 1824 3547 liberet

394 3578 450 3638 per
468 3556 681 3637 Apostolorum
702 3556 961 3636 praedicationem.
999 3556 1089 3617 Deni·
1144 3559 1202 3617 imo
1219 3566 1252 3618 et
1267 3556 1470 3618 ordinationes
1485 3557 1543 3617 Dei
1557 3557 1684 3619 stabiles
1700 3563 1825 3621 oirean

396 3663 455 3725 que
480 3664 536 3726 per
564 3643 645 3705 idem
674 3656 791 3723 tempas
815 3663 852 3702 eo
876 3642 1017 3724 deinoeps
1042 3663 1091 3705 res
1143 3647 1340 3716 inanimatas,
1355 3665 1374 3703 a
1389 3643 1500 3724 quibus
1516 3643 1590 3704 nihil
1605 3647 1742 3710 vinissim
1756 3663 1824 3726 psat·
1849 3691 1852 3714 -,

396 3733 543 3811 promissa
553 3731 668 3811 largius
681 3737 710 3791 et
721 3732 871 3810 oopioeius
882 3737 927 3790 eet
937 3732 1089 3811 praestita.
1143 3733 1283 3793 standum
1300 3731 1428 3811 intelligi
1443 3739 1550 3810 potest.
1580 3733 1703 3795 Etenim
1718 3736 1824 3816 proi·
1851 3739 1852 3798 T

395 3816 484 3899 Quod
511 3818 636 3899 proinde
670 3819 741 3898 novi
770 3818 946 3878 testamenti
973 3825 1091 3897 tempus
1143 3821 1187 3879 eio
1211 3828 1309 3880 terrae
1331 3816 1479 3879 Obanaau
1505 3818 1754 3900 plane-gratuita
1773 3820 1824 3894 tait

394 3905 573 3987 appellatur.
1109 3969 1112 3974 ,
1143 3908 1208 3985 ipso
1224 3906 1309 3965 Mose
1323 3913 1403 3967 teste
1417 3905 1543 3966 Denter.
1560 3909 1589 3969 9.
1628 3904 1719 3986 Quae
1740 3918 1826 3970 an·
1851 3905 1852 3982 ξ

436 3990 508 4053 alia
538 3991 687 4054 dubitatio
714 4000 774 4064 est,
802 3992 953 4072 quomodo
979 4012 1090 4053 novum
1143 3995 1253 4072 passim
1275 3995 1306 4053 in
1325 3993 1478 4071 Seriptnra
1500 4000 1622 4073 paetum
1643 3995 1826 4070 voutam

392 4087 597 4140 testamentum
627 4088 708 4140 reots
740 4088 864 4139 vocetur
889 4089 1010 4158 paetum
1037 4097 1090 4140 eeu
1144 4080 1264 4158 quidem
1279 4081 1470 4159 apertissime
1485 4097 1521 4139 eo
1536 4078 1619 4154 loeo,
1646 4081 1702 4143 ubi
1715 4084 1852 4164 priu'

392 4165 516 4239 foedus,
554 4186 646 4246 quum
682 4167 906 4247 promissionem
937 4168 1090 4226 contineat
1144 4185 1287 4243 expressa
1307 4187 1343 4226 ac
1365 4165 1507 4226 distinata
1531 4166 1615 4227 illius
1640 4179 1738 4230 terrae
1759 4169 1826 4229 aas

393 4255 512 4314 omnino
527 4254 706 4333 gratuitam,
733 4251 863 4313 foederie
886 4261 986 4313 antem
1000 4272 1037 4312 ea
1051 4254 1091 4312 eit
1143 4262 1188 4312 est
1209 4254 1381 4332 promissio,
1412 4252 1486 4314 Gen.
1505 4253 1571 4313 15.:
1606 4255 1716 4331 disne,
1742 4254 1827 4335 inqa't

392 4349 513 4412 natura,
540 4341 684 4420 ntpaotie
699 4338 851 4400 hincinde
867 4339 1089 4399 conditionibus
1142 4340 1258 4411 Moses,
1288 4342 1409 4415 popiait
1437 4341 1594 4400 Dominus
1622 4342 1742 4418 foedata
1768 4357 1826 4404 ou

393 4430 516 4488 ineatur.
551 4427 690 4499 Neceet,
707 4427 788 4504 qood
804 4424 903 4494 diuae,
919 4426 1087 4504 promissio·
1142 4427 1324 4499 Abrabam,
1359 4427 1483 4487 daem:
1518 4428 1642 4488 &mini
1672 4436 1729 4491 tuo
1757 4427 1826 4490 dat·

392 4535 459 4576 nem
474 4516 559 4575 vitae
581 4521 723 4573 aeternae
747 4514 866 4591 exigere
884 4514 1003 4572 anobis
1020 4532 1087 4571 eon·
1141 4521 1260 4572 terram
1276 4514 1359 4573 bano
1374 4531 1395 4572 a
1408 4514 1541 4591 flumine
1556 4518 1697 4592 sappes·
1711 4526 1767 4577 stu
1787 4514 1826 4574 la

391 4602 534 4663 ditionem
558 4602 698 4661 bonorum
724 4619 862 4677 operum3
886 4619 953 4659 nam
978 4607 1009 4659 et
1023 4599 1089 4676 ipsa
1141 4618 1261 4680 quoqne
1290 4601 1439 4660 Dominus
1470 4599 1580 4661 Genea.
1611 4603 1640 4661 9.
1670 4605 1704 4664 in
1734 4612 1824 4684 typ-

390 4690 470 4750 bona
492 4708 585 4769 opera
605 4686 660 4747 sub
684 4687 879 4766 promissione
903 4687 974 4746 novi
995 4693 1086 4746 testa·
1141 4688 1212 4747 novi
1235 4687 1404 4748 testamenti
1431 4686 1538 4747 statuit
1560 4697 1683 4766 paenam
1706 4703 1823 4768 enum

389 4775 483 4835 menti
492 4775 687 4846 eontinentur,
698 4773 829 4832 Domino
841 4771 977 4832 dicente:
995 4772 1087 4833 Dabo
1140 4793 1212 4835 nere
1227 4772 1372 4844 hnmano,
1397 4792 1431 4832 es
1454 4792 1643 4853 nequaqnam
1665 4771 1825 4839 ultradelt·

390 4863 488 4937 tapam
504 4880 607 4921 meam
622 4864 659 4923 ia
669 4868 806 4920 mentem
822 4877 941 4932 eornm,
958 4870 1002 4919 et:
1018 4858 1086 4919 Fa·
1140 4870 1236 4920 tnrnm
1248 4879 1301 4920 eoe
1313 4861 1401 4941 aquis
1412 4859 1534 4935 diloviiq
1551 4861 1678 4941 ejusque
1691 4863 1823 4945 peden

390 4950 492 5022 dam,
518 4955 554 5008 at
567 4950 603 5009 la
617 4949 795 5025 praeceptis
817 4950 892 5006 mets
907 4946 1084 5021 ambuletis,
1138 4947 1265 5008 foederis
1285 4949 1403 5026 signum
1424 4948 1508 5026 ponit
1530 4947 1562 5007 in
1585 4949 1716 5012 nubibas
1737 4961 1823 5009 areu

390 5033 503 5101 maon
518 5035 570 5098 to.
593 5032 683 5098 Unde
696 5034 727 5098 8.
740 5034 872 5115 Prosper
883 5052 1001 5098 omnem
1016 5054 1083 5096 uou-
1138 5034 1310 5108 ooeleetem;
1326 5052 1390 5116 ‚nee
1413 5032 1480 5095 ulls
1500 5031 1543 5097 ibi
1564 5034 1824 5118 maduo-lap
