4442 5825
347 502 351 659 ι
799 590 962 647 subrutas
980 593 1020 647 AD
1039 594 1203 648 mesmes.
1221 593 1305 647 vans.
1325 595 1365 648 ld.
1378 595 1418 648 17.
1783 603 1830 670 69
1871 546 1881 565 ‘

398 777 466 829 tunt:
490 773 644 847 usaumit‚·
671 767 775 831 sed‘eo
790 768 883 830 verbo
899 772 959 831 vim
974 769 1084 831 Graeci
1137 771 1176 832 ad
1189 771 1315 851 angelos
1331 773 1490 851 pertinere,
1506 771 1621 852 quippe
1633 773 1686 852 qui
1699 779 1768 832 sunt
1779 772 1831 832 iru-

347 916 349 921 .
398 856 525 917 vocabuli
537 876 597 917 nou
609 858 794 936 exprimunt,
809 865 916 936 utpote
931 856 1011 936 quod
1023 878 1082 917 nou
1137 859 1291 927 mortales,
1318 868 1347 916 et
1374 879 1391 917 a
1418 859 1524 917 timore
1548 861 1650 918 mortis
1676 859 1832 932 immunes,

347 934 351 1029 l
395 943 558 1022 simpliciter
581 963 738 1004 assumere
758 952 810 1003 aut
833 946 971 1024 accipere
990 945 1079 1022 signi·
1137 944 1192 1004 sed
1209 944 1247 1004 ad
1263 945 1341 1004 solos
1357 945 1502 1004 homines.
1525 944 1665 1026 Explicat
1680 953 1831 1006 autemeo

347 1032 350 1067 l
394 1030 530 1101 bertrad
547 1031 797 1106 apprchendere,
814 1031 992 1105 vindicare,
1010 1051 1080 1090 mu·
1136 1031 1294 1104 vocabulo,
1318 1030 1408 1110 quod,
1434 1039 1465 1089 ut
1488 1030 1626 1105 diximus,
1650 1031 1844 1108 upprsbeu-'

394 1135 461 1177 uum
486 1119 620 1192 injicere
649 1120 686 1177 ia
708 1136 775 1177 rem
802 1119 953 1196 aliquam.
992 1117 1082 1178 Unde
1136 1118 1210 1177 darc
1225 1137 1280 1178 seu
1297 1118 1462 1178 vindicare
1484 1118 1642 1195 significat.
1671 1119 1830 1179 Vindican-

394 1202 614 1284 Ohrysostomus
641 1211 735 1283 putat,
760 1214 908 1285 sumptam
932 1223 999 1263 esse
1022 1223 1080 1264 me·
1137 1214 1185 1263 tur
1201 1215 1309 1277 autem,
1329 1206 1428 1284 quiin
1444 1202 1613 1265 libertatem
1630 1215 1809 1266 asseruntur.

393 1291 538 1370 taphoram
556 1291 656 1362 abiis,
680 1290 732 1371 qui
747 1291 906 1369 fugientes,
929 1309 983 1350 seu
1000 1290 1081 1351 seras
1179 1291 1288 1370 Itaque
1303 1311 1409 1351 sensus
1429 1311 1495 1352 esse
1510 1289 1628 1351 videtur
1642 1289 1830 1369 huiusmodi:

347 1398 350 1473 q
393 1395 436 1438 ssu
455 1377 605 1451 homiues,
628 1379 826 1457 insequuntur
841 1386 872 1438 et
887 1377 1080 1455 comprehsn·
1137 1378 1274 1437 Christus
1294 1379 1373 1438 euim
1396 1399 1456 1437 non
1478 1376 1610 1456 angelos,
1633 1377 1688 1438 sed
1708 1398 1764 1438 uos
1779 1378 1831 1438 ho·

347 1478 350 1511 ῑ
391 1463 644 1537 tentassemus
668 1466 715 1538 sit,
739 1464 889 1524 Christum
910 1483 971 1523 non
992 1482 1080 1540 ange·
1135 1466 1231 1524 mines
1247 1472 1424 1543 epotastate
1437 1463 1549 1525 diaboli
1561 1466 1662 1524 mortis
1675 1465 1831 1544 imperium

347 1514 351 1577 Ι
392 1549 1080 1623 lisamnaturam,sedhumanam,volutaver-
1136 1550 1276 1610 habentis
1307 1553 1452 1630 eripiens,
1482 1550 1568 1610 velut
1597 1551 1709 1631 injecta
1738 1570 1828 1611 manu

347 1606 353 1697 2l
390 1656 443 1698 sam
458 1644 490 1698 et
505 1636 684 1717 fugientem,
701 1637 946 1718 apprehendisse,
962 1636 1082 1716 sibique
1136 1637 1342 1716 apprehendit,
1366 1657 1401 1696 ac
1417 1637 1474 1697 sibi
1493 1637 1627 1698 vindicat
1649 1644 1678 1697 et
1693 1637 1725 1697 in
1742 1637 1831 1697 liber·

390 1723 552 1804 copulasse.
587 1722 804 1803 chrysostomo
831 1723 1081 1803 Theophylactus
1137 1731 1227 1782 tatem
1254 1725 1368 1783 asserit.
1399 1723 1493 1782 Porro
1517 1725 1656 1803 quamvis
1682 1725 1831 1785 sententia

389 1809 633 1872 stOesurnenius
648 1811 855 1891 astipulantur.
876 1811 1082 1870 Veruntamen
1134 1830 1209 1871 uera
1225 1812 1262 1868 sit
1284 1808 1323 1870 de
1346 1809 1480 1870 omuibus
1504 1811 1627 1889 augelis,
1648 1818 1709 1871 tam
1734 1810 1829 1885 malls,

389 1897 430 1960 his
441 1916 554 1958 unaue
569 1896 664 1957 habet
678 1897 905 1971 incommodum,
928 1905 992 1956 tum
1007 1898 1081 1975 quia
1136 1917 1224 1977 quum
1240 1895 1343 1971 bouis3
1357 1895 1456 1955 nullos
1469 1899 1547 1957 euim
1560 1898 1683 1977 angelos
1696 1896 1829 1958 Christus

389 1984 550 2065 pauentis
566 1986 709 2063 temporis
726 1983 859 2057 verbum,
884 2002 945 2064 quo
961 2003 1021 2042 uon
1035 1990 1079 2042 te·
1136 1991 1273 2043 amorte
1299 1982 1455 2044 liberauit:
1478 1982 1597 2044 videtur
1623 1992 1723 2043 umen
1748 1984 1830 2064 Apo·

389 2090 457 2132 mere
472 2089 552 2131 usus
576 2079 621 2130 est
636 2071 807 2151 Apostolus,
830 2077 926 2130 mutat
950 2071 980 2129 in
995 2086 1080 2148 prae·
1136 2070 1229 2129 stolus
1245 2069 1340 2129 solum
1361 2069 1399 2128 ad
1420 2069 1516 2131 bonos
1530 2074 1689 2150 respicere,
1712 2070 1750 2131 de
1766 2071 1831 2152 qui·

389 2159 524 2234 teritum3
548 2165 615 2217 turn
637 2159 710 2236 quia
728 2157 966 2234 apprchendere
981 2173 1079 2231 uaga·
1134 2157 1191 2214 bus
1210 2156 1349 2216 nimirum
1366 2157 1396 2216 in
1412 2157 1616 2237 superioribus
1631 2157 1749 2216 locutus
1764 2157 1831 2217 fuit.

391 2245 436 2319 los,
452 2265 510 2325 pro
526 2263 576 2317 eo,
592 2243 674 2323 quod
689 2252 744 2317 est,
759 2243 927 2320 angelicam
943 2250 1080 2301 naturam
1134 2241 1215 2302 Nam
1237 2241 1390 2302 diabolum
1411 2243 1546 2322 proxime
1565 2264 1603 2303 ex
1625 2242 1755 2303 aduerso
1770 2250 1828 2303 sta·

390 2349 536 2393 mamam
549 2328 673 2409 sibique
684 2329 837 2407 copulare,
852 2327 946 2390 nihilo
962 2328 1080 2388 mollius
1135 2335 1232 2388 tuerat
1251 2337 1404 2407 tamquam
1427 2330 1530 2390 mortis
1553 2330 1727 2409 principem,
1749 2348 1829 2390 eou-

393 2426 469 2491 suust,
490 2435 591 2497 quum
605 2416 845 2493 apprchendere
858 2416 1010 2491 homiues,
1025 2435 1081 2495 pro
1131 2416 1184 2495 jus
1198 2422 1347 2494 potestate
1363 2416 1423 2475 sint
1439 2414 1585 2495 eripiendi
1601 2416 1720 2495 captivi.
1751 2481 1754 2489 ,

396 2503 520 2586 aquosi
537 2511 595 2576 est,
610 2501 773 2564 humanam
785 2501 842 2562 sibi
852 2501 1021 2582 adjungere
1029 2522 1080 2562 na·
1178 2501 1238 2561 Per
1252 2520 1356 2561 semea
1372 2501 1519 2562 Abrahae
1540 2501 1661 2582 quidam
1678 2504 1830 2582 ascipiunt

395 2597 480 2651 tusum
497 2588 1011 2670 Quotamenmodoucmolocutus
1027 2596 1080 2648 est
1134 2597 1230 2648 totum
1260 2607 1358 2668 genus
1388 2588 1553 2648 electorum
1579 2607 1618 2648 ex
1642 2587 1771 2650 Judaeis
1800 2598 1830 2650 et

426 2678 469 2739 hc
483 2677 580 2758 priori
604 2675 727 2757 quidem
749 2675 936 2738 incommodo
957 2675 1081 2736 videtur
1135 2675 1283 2757 gentibus.
1317 2674 1355 2735 Id
1376 2680 1455 2737 enim
1476 2683 1523 2737 est
1544 2676 1701 2755 spirituale
1726 2695 1829 2738 semen

392 2765 497 2825 scauri
511 2782 614 2844 posse,
636 2763 663 2824 si
682 2783 750 2824 cum
764 2763 885 2824 Latinis
908 2762 1081 2843 expositori·
1135 2762 1292 2835 Abrahae,
1312 2762 1403 2841 juxta
1423 2761 1499 2823 illud
1519 2763 1604 2823 Rom.
1620 2765 1667 2824 9.:
1690 2765 1752 2842 Qui
1768 2763 1830 2841 tilii

391 2848 437 2914 bu
458 2868 627 2931 urgeamus
649 2849 822 2913 adverbium
847 2867 1014 2929 nusquam.
1044 2847 1080 2908 Id
1134 2855 1208 2913 suut
1228 2852 1464 2927 promissionis,
1489 2853 1702 2910 aestimantur
1722 2853 1760 2914 ia
1781 2869 1830 2913 ss-

391 2940 457 3000 taim
485 2939 531 2999 ita
568 2946 739 3015 exponunt:
776 2939 940 3015 Nusquam
980 2954 1080 3013 αηρι·
1134 2940 1228 2998 mins.
1256 2935 1325 3011 Alii,
1349 2938 1432 3017 quod
1448 2945 1494 2999 est
1508 2936 1704 3017 probabilius,
1727 2959 1829 2999 carua-

390 3024 428 3086 los
462 3023 681 3103 apprehendit
688 3069 698 3099 ,
744 3022 776 3083 id
814 3031 874 3085 est:
923 3025 962 3085 Iu
996 3022 1080 3084 nulla
1135 3024 1196 3084 lem
1227 3022 1369 3084 Abrahae
1405 3027 1611 3106 posteritatem
1649 3025 1830 3105 intelligunt,

391 3110 536 3195 duriptura
581 3108 696 3191 legitur
737 3109 900 3191 quidquam
946 3110 984 3170 de
1029 3132 1079 3172 an·
1134 3132 1194 3172 non
1210 3109 1290 3189 quod
1307 3129 1343 3171 ea
1357 3113 1423 3172 sola
1437 3118 1490 3174 aut
1504 3119 1568 3171 tota
1584 3110 1831 3190 apprehendatur

392 3199 481 3278 galiea
504 3205 653 3259 naturas
680 3196 802 3258 christo
828 3205 999 3277 assumpta,
1029 3197 1081 3258 vel
1135 3196 1297 3272 aOhristo,
1320 3198 1374 3258 sed
1396 3199 1466 3280 quia
1487 3198 1679 3279 peculiariter
1694 3198 1732 3259 ad
1748 3198 1831 3258 illurn

392 3283 571 3347 sumenda.
604 3286 646 3345 At
666 3283 705 3347 de
726 3285 859 3345 humana
883 3286 1006 3365 legitur,
1029 3284 1081 3344 ubi
1135 3284 1280 3364 populum
1299 3287 1493 3364 pertinebant
1513 3285 1725 3365 promissiones
1741 3286 1829 3365 patri·

392 3373 523 3454 ruiptum
538 3379 604 3433 est:
628 3373 670 3433 Iu
685 3375 803 3433 samias
822 3379 876 3433 tuo
893 3372 1080 3434 benedicere·
1134 3372 1191 3431 bus
1207 3368 1313 3445 iactae,
1330 3372 1426 3432 Paulo
1443 3379 1519 3432 teste
1534 3370 1573 3431 ad
1587 3370 1673 3430 Rom
1687 3371 1716 3432 9.
1732 3379 1764 3432 et
1780 3369 1830 3432 15.

393 3465 438 3520 tau
456 3466 705 3536 emungentes.
731 3458 826 3518 Dico:
849 3457 927 3519 Cum
946 3459 1080 3535 Latinis3
1134 3458 1283 3537 Loquitur
1312 3466 1412 3518 autem
1442 3459 1499 3519 hoc
1529 3465 1618 3537 pacto
1645 3457 1676 3518 in
1701 3459 1829 3537 gratiam

393 3565 451 3607 narn
470 3545 553 3607 ill'sus
574 3544 714 3607 adverbii
734 3546 881 3606 rationem
905 3545 1013 3607 Graeci
1036 3548 1079 3605 in·
1134 3544 1351 3620 Hebraeorum,
1374 3544 1413 3606 ad
1429 3563 1503 3625 quos
1519 3544 1639 3618 scribit3
1668 3563 1735 3603 cum
1754 3544 1827 3605 alio·

546 3653 608 3694 nou
622 3633 743 3694 habent
766 3633 828 3694 vix
844 3633 921 3693 enim
937 3634 1080 3713 reperias,
1135 3632 1187 3710 qui
1209 3631 1390 3711 generaliter
1414 3652 1450 3692 ac
1469 3633 1560 3712 plane
1582 3629 1641 3692 dici
1664 3632 1828 3710 potuisset:

394 3717 436 3779 sbi
450 3720 603 3782 &mum
626 3713 723 3797 oraru
740 3718 780 3781 ad
802 3720 902 3781 locum
923 3718 1080 3794 referatur,
1135 3718 1206 3779 Nou
1227 3718 1367 3797 angelos,
1389 3717 1443 3780 ssd
1465 3720 1599 3781 homines
1621 3716 1827 3798 apprehendit

394 3804 438 3866 rad
451 3808 562 3888 passim
585 3806 736 3887 siguificat
755 3807 1009 3868 asseverationem
1028 3825 1078 3868 ve·
1135 3805 1326 3885 Quamquam
1351 3805 1384 3866 id
1409 3808 1501 3866 etiam
1528 3804 1748 3865 observandum
1773 3813 1828 3879 est,

394 3889 608 3955 hmenh'orem.
643 3892 731 3954 Unde
757 3892 810 3955 alii
835 3901 972 3954 vertunt:
1006 3896 1080 3955 Non
1133 3892 1311 3972 Apostolum
1327 3898 1391 3952 tota
1405 3891 1615 3971 hacEpistola
1629 3892 1762 3971 gentium
1776 3913 1828 3953 vo-

395 3981 468 4040 ratu
490 3981 654 4055 uidelicet,
676 3987 743 4040 aut:
765 3981 874 4059 Neque
896 3982 981 4041 euim
1003 3999 1080 4041 sans
1135 3980 1282 4039 sationem
1292 3979 1455 4057 prudenter
1463 3979 1661 4050 dissimulare,
1673 3977 1829 4059 sivequod

396 4067 514 4144 weles
527 4067 749 4144 apprehendit.
772 4067 868 4147 Syrus
880 4075 978 4128 autem
991 4068 1079 4127 iuter·
1135 4066 1200 4144 ejus
1215 4066 1325 4125 mentio
1348 4085 1454 4146 parum
1470 4074 1558 4147 gruta
1574 4073 1655 4127 esset
1670 4064 1829 4139 Hebraeis,

396 4170 456 4231 pres
478 4152 656 4215 adverbium
678 4153 769 4228 illud,
795 4153 880 4215 velut
898 4153 1079 4226 redundans,
1134 4154 1199 4213 sive
1214 4150 1295 4233 quod
1311 4154 1448 4213 instituto
1464 4173 1516 4215 suo
1532 4154 1789 4221 uonneoessaria.

397 4242 505 4303 omnino
520 4240 694 4321 neglexisse
709 4240 837 4302 videtur.
1179 4242 1227 4299 17.
1251 4240 1340 4301 Unde
1352 4240 1460 4301 debuit
1471 4258 1533 4318 par
1548 4240 1658 4300 omnio
1671 4240 1830 4317 fratribus

430 4329 471 4388 At
484 4347 559 4390 uero
575 4329 727 4408 posterius
741 4325 971 4401 incommodum,
993 4326 1080 4386 simul
1133 4327 1280 4387 similari.
1322 4324 1484 4387 Concludit
1510 4328 1658 4389 rationem
1689 4328 1720 4388 in
1749 4328 1831 4388 hunc

396 4419 419 4474 st
435 4417 604 4497 proprietas
627 4413 735 4477 Graeci
760 4414 844 4475 vorbi
870 4415 965 4494 magis
990 4415 1080 4475 etiam
1134 4413 1269 4473 modum:
1287 4412 1425 4475 Christus
1437 4413 1638 4494 apprehendit
1649 4422 1679 4473 et
1693 4415 1725 4474 in
1739 4414 1830 4477 liber

395 4520 440 4562 uos
453 4509 568 4583 sugunt
583 4520 650 4562 curu
664 4503 698 4564 F.
713 4501 826 4563 Rubora
841 4498 881 4561 ad
896 4502 1078 4580 investigen-
1134 4508 1227 4561 tatem
1242 4499 1379 4562 uindicat
1394 4521 1494 4562 semen
1509 4501 1661 4573 Abrahae,
1691 4511 1783 4582 atque
1799 4501 1832 4561 iu

395 4585 455 4649 dum
483 4608 608 4652 sensum
635 4586 768 4669 aliquem
798 4588 1080 4653 convenientiorem.
1134 4606 1245 4667 genere
1273 4587 1409 4649 homines
1435 4588 1565 4666 electos3
1600 4585 1679 4667 quod
1706 4586 1829 4665 quidem

393 4672 513 4740 Dixerat
528 4676 703 4758 Apostolus,
719 4674 870 4737 Christum
886 4675 1080 4755 participasse
1133 4676 1207 4735 facit
1222 4694 1274 4736 eos
1290 4674 1513 4748 sanctificando,
1531 4677 1615 4735 velut
1629 4674 1782 4746 Pontifex,
1797 4679 1832 4734 ut

393 4765 465 4826 esrai
479 4773 512 4827 et
526 4765 676 4842 sanguini,
697 4771 733 4823 ut
746 4771 841 4824 morte
861 4781 918 4823 sua
939 4762 1082 4823 liberaret
1133 4782 1204 4821 mox
1216 4762 1425 4841 subjungitur,
1439 4770 1472 4822 at
1481 4782 1563 4834 vero,
1575 4762 1630 4838 qui
1641 4761 1829 4838 candificat,

393 4865 452 4924 eos,
476 4851 530 4934 qni
552 4852 662 4912 timore
684 4850 786 4911 mortis
809 4857 893 4909 erant
914 4868 968 4930 per
987 4856 1080 4908 totam
1134 4856 1164 4909 at
1179 4852 1235 4927 qui
1248 4849 1499 4926 sanctificantur,
1524 4866 1562 4909 aa
1576 4866 1642 4909 uuo
1658 4866 1776 4924 omues,
1799 4847 1830 4908 id

391 4939 474 4999 utam
496 4938 624 4999 obnoxii
650 4938 797 4998 servituti.
828 4934 903 4996 llam
927 4935 1078 4996 liberatio·
1133 4944 1186 5008 est,
1211 4934 1346 5015 ejusdem
1362 4945 1490 4996 naturae
1504 4940 1571 4994 suut
1590 4943 1622 4994 et
1637 4935 1827 5009 conditionis,

390 5041 448 5090 usu
461 5028 506 5089 its
524 5044 608 5089 nunc
628 5024 772 5105 explicat,
794 5030 829 5085 ut
848 5022 996 5097 ostendat,
1019 5042 1080 5083 non
1131 5024 1177 5084 uti
1191 5041 1281 5105 supra
1302 5021 1413 5085 dictum
1428 5029 1486 5103 est;
1513 5019 1620 5085 debuit
1639 5042 1714 5102 arao
1731 5023 1827 5089 ours-
