4442 5825
435 599 509 666 780
795 587 1076 645 comnmissis
1094 587 1160 642 CAP-
1178 589 1205 640 i.
1223 586 1316 640 El'lS'l.
1333 585 1350 640 Ι.
1368 587 1395 640 B.
1411 581 1547 641 reims.

428 768 580 844 portati&
601 785 677 826 num
698 772 728 826 et
749 767 805 826 boc
828 769 913 827 inter
928 765 1016 825 idolo
1030 783 1128 842 repn-
1178 764 1243 844 jam
1258 764 1353 830 lautos
1369 761 1569 826 Christianos.
1592 763 1679 827 Nam
1693 773 1766 844 post
1780 764 1877 824 sdver-

431 853 561 914 inbitur.
1182 860 1245 911 tum
1260 851 1372 913 Christi
1391 851 1416 913 J
1418 853 1508 913 odaei
1530 872 1592 913 aon
1616 851 1782 913 coluerunt
1802 850 1880 921 idola,

476 939 633 1001 Caeterum
650 940 724 999 satis
740 959 794 1017 per
809 958 840 998 se
856 940 965 1019 liquet,
994 947 1131 1018 quartini
1183 947 1219 997 ut
1241 938 1321 998 soliti
1345 946 1428 997 eraut
1449 938 1552 998 fucere
1572 938 1752 1019 qnondam,
1778 947 1811 996 nt
1833 939 1880 998 boc

432 1034 464 1086 et
479 1027 612 1106 quintam
629 1027 848 1104 expositiones,
875 1027 994 1086 temetsi
1010 1027 1130 1086 verissi-
1184 1024 1359 1086 beneficium
1383 1044 1420 1083 ea
1442 1046 1517 1104 gens
1535 1046 1554 1085 a
1570 1025 1697 1086 Christo
1714 1025 1793 1086 Jesu
1807 1044 1876 1084 aete

431 1133 511 1174 mam
527 1113 690 1172 doctrinam
714 1114 901 1185 contineant,
927 1134 986 1171 non
1007 1132 1076 1172 esse
1091 1110 1131 1171 ad
1148 1180 1150 1182 ,
1184 1113 1268 1190 perit,
1283 1111 1399 1171 tametsi
1416 1112 1455 1174 ab
1471 1132 1508 1171 ea
1524 1133 1585 1173 non
1599 1121 1736 1193 recepto.
1763 1111 1879 1171 Proinde

432 1208 558 1259 mentem
574 1199 710 1278 Apostoli
734 1200 763 1258 in
787 1200 886 1259 verbis
909 1201 989 1259 istis:
1017 1201 1131 1260 Cavete
1183 1218 1243 1259 noa
1266 1206 1390 1278 propter
1411 1196 1550 1259 Jadaeos
1573 1200 1730 1268 Parthos,
1758 1198 1878 1258 sthri·

434 1287 519 1346 vobis
538 1287 578 1345 ab
601 1286 703 1344 idolis.
739 1284 877 1346 Secunde
901 1294 930 1344 et
951 1288 1040 1345 tertia
1063 1305 1128 1366 pro·
1184 1285 1370 1345 stionismum
1403 1304 1579 1358 conversos,
1615 1288 1719 1365 posits
1747 1295 1793 1344 est
1816 1286 1878 1344 hauc

432 1375 501 1453 pius
527 1373 690 1448 accedunt,
718 1373 813 1451 prima
839 1391 911 1432 vero
935 1371 1057 1431 indubie
1085 1381 1132 1431 est
1184 1371 1296 1431 ultimis
1312 1371 1414 1431 verbis
1434 1373 1575 1448 moniti03
1606 1372 1661 1432 sed
1686 1381 1811 1453 propter
1831 1390 1878 1439 coe,

432 1460 565 1518 maxime
581 1459 726 1537 genuine,
746 1465 780 1516 ut
795 1458 904 1518 dictum
921 1466 974 1516 est.
1184 1460 1235 1538 qui
1261 1457 1321 1518 illis
1339 1458 1370 1517 in
1391 1458 1554 1537 provinciis
1577 1479 1619 1520 ex
1646 1459 1777 1520 ethnicis
1799 1457 1876 1517 idolo

477 1545 534 1606 Sed
563 1565 599 1607 es
625 1545 680 1606 hae
701 1553 852 1625 postrema
874 1543 1011 1604 clausula
1039 1563 1131 1605 unum
1185 1543 1455 1605 latrisluerantad
1470 1544 1560 1606 fidem
1578 1544 1700 1606 Christi
1717 1545 1843 1604 adducti.

432 1630 577 1712 quiddam
603 1631 746 1712 colligere
772 1631 933 1702 debemus,
956 1631 1035 1710 quod
1061 1650 1129 1691 con·
1228 1634 1340 1693 Amen.
1364 1631 1431 1691 Hac
1447 1632 1569 1704 vocula,
1595 1634 1685 1693 velut
1700 1632 1802 1711 sigillo
1818 1652 1876 1710 que

433 1728 536 1779 uernat
549 1738 616 1790 eos,
644 1718 753 1798 quibua
776 1719 851 1778 hacc
866 1717 1002 1797 Epistola
1019 1719 1131 1799 scripta
1185 1719 1262 1792 dam,
1278 1720 1418 1796 obsignat
1432 1718 1600 1798 Epistulam
1614 1739 1703 1780 suam
1717 1720 1877 1798 Apostolus.

432 1814 488 1866 est.
512 1806 646 1885 Nempe,
661 1825 753 1886 quum
769 1807 843 1865 satis
858 1813 989 1876 constet,
1006 1807 1130 1885 sriptum
1183 1805 1276 1867 Valet
1290 1814 1392 1866 autern
1407 1805 1447 1864 ad
1461 1806 1723 1878 confirmandum,
1737 1825 1788 1878 ea,
1813 1824 1877 1886 quaa

432 1912 498 1953 esse
513 1892 551 1952 ad
567 1891 704 1963 Parthos,
720 1900 755 1951 ut
769 1899 914 1951 testantur
927 1890 957 1950 S.
972 1892 1130 1971 Hyginius
1183 1899 1247 1951 tots
1272 1891 1408 1973 Epistola
1434 1891 1620 1965 tradiderat,
1649 1893 1715 1952 tide
1743 1891 1873 1963 tenenda,

432 1978 518 2055 Papa
533 1979 631 2058 Epist.
649 1983 676 2038 1.
692 1998 757 2057 esp.
777 1982 802 2037 1.
826 1981 856 2037 iu
880 1977 954 2048 line,
979 1977 1008 2038 S.
1025 1978 1127 2056 Augu·
1182 1987 1333 2060 tamquam
1356 1976 1484 2039 diceret:
1510 1978 1592 2038 Vere
1617 1978 1696 2039 haec
1720 1981 1764 2041 ita
1786 1999 1816 2039 se
1834 1979 1872 2037 la·

432 2066 526 2124 stinus
551 2066 677 2145 Quaest.
702 2066 819 2144 Evang.
844 2064 893 2123 lili.
918 2065 946 2123 2.
971 2085 999 2144 q.
1016 2069 1082 2136 39„
1099 2072 1131 2125 et
1184 2065 1272 2141 bont,
1301 2065 1460 2126 veritatem
1484 2085 1586 2126 coram
1607 2065 1678 2126 Deo
1708 2066 1774 2127 dixi
1796 2066 1870 2124 vobis

433 2150 587 2211 Possidius
603 2153 632 2211 in
645 2150 788 2224 indiculo,
806 2170 1041 2212 commemorans
1054 2152 1128 2211 'Pra-
1183 2152 1273 2212 Valet
1291 2154 1359 2212 item
1375 2153 1413 2211 ad
1427 2151 1660 2233 approbandum
1679 2161 1871 2233 praecepisti

433 2245 531 2298 status
547 2239 581 2297 B.
598 2239 762 2317 Augustini
775 2241 804 2298 in
818 2237 987 2318 Epistulam
1004 2239 1130 2316 primam
1183 2241 1375 2310 monitiones,
1410 2258 1487 2318 quus
1514 2259 1570 2318 per
1592 2248 1694 2299 totam
1720 2241 1868 2320 Epistolam

432 2323 577 2395 Josnnis,
593 2324 641 2384 his
658 2325 772 2384 verbis:
796 2327 845 2385 De
860 2325 1008 2400 Epistola
1019 2329 1131 2388 Joon-
1184 2325 1271 2400 fecit3
1299 2346 1424 2403 quarum
1445 2325 1552 2385 ultima
1575 2336 1626 2386 est
1651 2329 1798 2387 extremis
1813 2326 1867 2404 llpi·

432 2413 482 2471 m's
498 2412 642 2486 Apostoli
659 2412 702 2471 cd
718 2413 872 2486 Parthos,
893 2413 1060 2472 Sermones
1075 2413 1131 2472 ‹lc-
1184 2412 1280 2471 stolae
1296 2412 1394 2472 verbis
1411 2414 1546 2490 proxime
1562 2412 1740 2493 explicatis.
1774 2416 1866 2492 Appio
1915 2422 1916 2459 ἒ

432 2517 516 2569 omn,
540 2518 654 2558 necnon
670 2498 806 2559 Joaunes
821 2498 860 2558 Π.
877 2499 964 2577 Papa
985 2499 1015 2557 iu
1031 2500 1130 2577 Epist.
1183 2499 1237 2558 bat
1251 2500 1347 2571 enim,
1363 2500 1412 2579 qni
1429 2509 1514 2579 optat
1529 2498 1652 2578 aliquid
1669 2500 1745 2560 fieri.
1783 2503 1817 2561 Et
1829 2500 1864 2559 he

432 2584 471 2644 ad
487 2584 656 2660 Valerium,
683 2603 775 2664 quum
799 2580 945 2665 (inquam)
972 2585 1004 2644 hi
1027 2604 1131 2646 omnes
1183 2606 1248 2645 rum
1264 2596 1397 2666 respectu
1424 2585 1521 2645 istud:
1544 2591 1671 2660 Amen,
1695 2590 1866 2669 positumeit

432 2671 499 2731 siue
524 2668 713 2732 dubitatione
734 2669 869 2742 undant,
896 2691 962 2732 esse
989 2674 1132 2751 scriptam
1185 2693 1238 2751 pro
1261 2692 1312 2745 uo,
1334 2671 1415 2753 quod
1438 2674 1606 2734 diceretur:
1636 2673 1689 2735 lta
1714 2675 1773 2733 fiat
1807 2674 1864 2733 Nan

433 2757 471 2817 ad
487 2757 633 2829 Parthos,
654 2777 694 2818 ex
708 2759 766 2818 hac
780 2757 862 2818 finali
885 2758 1023 2819 clausula
1039 2758 1130 2819 debe·
1183 2759 1282 2820 LXX.
1317 2760 1497 2838 Interpretes
1518 2760 1557 2821 ad
1582 2761 1677 2821 tinem
1701 2761 1806 2823 Psslm
1828 2761 1863 2821 tt.

432 2864 498 2903 mua
520 2846 705 2918 ratiocinari,
733 2865 793 2904 uon
808 2863 876 2905 esse
896 2847 1036 2924 scriptam
1058 2846 1131 2907 solis
1186 2849 1235 2906 71.
1267 2847 1316 2906 88.
1346 2865 1383 2906 sc
1412 2846 1498 2921 105„
1529 2847 1614 2927 quud
1645 2848 1799 2910 Hebraioe
1820 2854 1863 2906 est:

433 2930 562 2993 Judaeis
585 2936 614 2992 in
630 2932 754 2993 l’arthia
768 2952 803 2992 ao
823 2934 953 2994 finitimis
967 2935 1130 3012 provinciis
1183 2938 1304 3007 Amen,
1329 2952 1441 3008 umen,
1460 2932 1681 2996 reddiderunt:
1707 2938 1797 3009 Fiat,
1815 2935 1862 3009 flat

433 3017 630 3096 degentibus,
658 3018 696 3078 ad
717 3017 804 3079 fldem
821 3018 935 3080 Christi
959 3023 1128 3096 conversis,
1183 3021 1322 3081 Diximus
1337 3040 1373 3081 ea
1395 3020 1433 3080 de
1455 3042 1530 3082 voco
1552 3023 1632 3082 satis
1647 3025 1749 3086 multa
1765 3026 1861 3084 inccn-

433 3103 487 3165 red
513 3107 602 3166 etiam
630 3105 669 3166 sd
697 3125 799 3167 aarum
813 3108 969 3186 regionum
992 3108 1130 3188 gentiles,
1182 3108 1331 3168 meutario
1346 3106 1489 3169 adfinem
1505 3108 1624 3170 Psalmi
1640 3110 1728 3171 illius
1744 3114 1790 3173 40.
