4442 5825
746 623 909 679 tristem
926 625 943 678 Ι.
962 623 1049 678 esan
1065 622 1201 679 solima
1230 623 1314 678 titus.
1332 623 1416 678 2.-5.

347 803 436 884 luere
450 809 483 863 et
497 800 553 864 hee
573 801 640 864 loeo
660 803 740 866 solos
763 802 876 865 eleetos
898 800 1027 882 intelligi

347 890 481 951 cnvenit
516 889 595 969 Nam
618 891 674 952 etsi
702 889 824 973 quidam
850 910 909 950 nou
936 888 1027 950 electi

347 976 481 1041 etardum
512 977 733 1058 propitiationis
755 978 919 1058 participes
944 975 1027 1048 fiant,

347 1065 404 1145 nia
425 1072 526 1127 tamen
549 1064 589 1125 ab
612 1084 650 1126 ea
670 1064 822 1137 excidunt,
845 1084 881 1124 ae
902 1061 1028 1144 proinde

347 1146 604 1232 imperalds'sunt,
619 1152 772 1233 finemque
787 1168 847 1211 nou
863 1151 1025 1230 attingunt,

347 1238 437 1301 terite
452 1245 629 1319 reputantur
651 1241 730 1300 inter
753 1236 868 1299 alienos
885 1245 914 1296 et
927 1237 1027 1317 propi·

347 1325 465 1387 lationis
485 1332 628 1387 exsortes.

370 1412 401 1473 8.
419 1413 462 1473 lit
475 1413 512 1472 ia
526 1413 584 1474 ltoc
598 1414 722 1486 samua,
739 1411 894 1488 quoniam
909 1426 1026 1485 eoquo·

347 1500 434 1560 enus
449 1500 545 1574 Eum,
568 1502 595 1561 si
610 1498 769 1560 mandato
783 1499 864 1572 Eius
884 1497 1026 1557 observe-

347 1604 406 1648 m.
430 1586 563 1662 Scimus,
580 1584 710 1647 Graece:
730 1576 928 1662 γινώσκομεν,
953 1602 1026 1658 σορ-

347 1675 495 1735 mct'mm.
527 1672 699 1734 Particula:
725 1673 829 1748 Eum,
856 1670 947 1731 refert
967 1670 1024 1730 Pa·

347 1778 404 1821 rem
430 1777 486 1822 seu
511 1758 622 1821 Deum.
660 1758 859 1822 Commendat
884 1755 1026 1836 deinceps

347 1845 495 1929 tpoatolus
509 1846 554 1920 iis,
570 1845 611 1909 ad
625 1865 704 1928 quos
720 1845 832 1919 scribit,
855 1843 1024 1905 obervatio·

347 1950 397 1996 u
411 1933 620 1995 mandatorum
636 1933 703 2008 Dei,
720 1942 752 1995 et
766 1934 929 2013 praecipue
944 1930 1025 1992 illius

347 2019 367 2081 le
394 2021 539 2102 proximis
569 2020 749 2103 diligendis3
780 2018 873 2100 idque
902 2026 1026 2099 propter

347 2102 405 2185 dos,
431 2108 484 2189 qui
500 2106 613 2171 deiide
628 2116 657 2169 et
673 2108 780 2170 notitia
803 2107 869 2166 veri
883 2105 946 2166 Dei
959 2105 1023 2186 glo·

347 2190 491 2268 llantur,
513 2215 606 2276 opera
624 2194 713 2270 bona,
736 2213 813 2276 quae
827 2191 966 2254 iacienda
981 2190 1023 2253 di-

347 2286 390 2365 tat
410 2281 529 2356 caritas,
552 2283 748 2365 negligentes,
771 2291 927 2362 tamquam
949 2279 1024 2341 fides

347 2366 394 2431 ils
408 2368 449 2430 ad
461 2369 586 2431 salntem
597 2370 755 2432 sufficeret
778 2367 874 2429 Simul
886 2366 1024 2439 ostendit,

347 2458 447 2539 {sinam
475 2458 552 2534 sint,
582 2459 634 2539 qui
661 2477 729 2518 cum
756 2455 825 2515 Deo
851 2455 1024 2516 societatem

347 2540 467 2618 thuna
483 2541 522 2604 de
536 2563 597 2625 qua
608 2546 705 2625 primo
721 2543 822 2623 capite
836 2541 953 2602 locutus
969 2548 1023 2602 est.

347 2624 426 2693 locet
440 2632 544 2709 igitur,
558 2630 631 2713 qnid
646 2633 693 2706 sit,
709 2632 815 2692 Deum
830 2646 1023 2705 cornescere,

347 2714 471 2779 idelicet
479 2716 702 2798 eaeoguitiene,
714 2735 791 2799 quae
802 2716 889 2777 nobis
897 2717 936 2778 sit
944 2713 1022 2775 salu·

347 2806 411 2881 iris,
428 2825 464 2866 ae
475 2804 543 2865 Deo
558 2823 614 2866 nos
628 2804 770 2885 probatos
786 2801 904 2875 reddat,
920 2821 1021 2884 quom·

347 2906 388 2954 sc
407 2893 520 2974 passim
542 2911 561 2952 a
582 2894 670 2955 nobis
694 2893 820 2972 exigunt
841 2889 1023 2971 Scripturas.

347 2986 501 3040 mutem
517 2998 554 3041 ea
568 2981 678 3041 notitia
692 2979 840 3052 affectiva,
865 2997 954 3059 qnam
969 2996 1021 3037 vo-

347 3071 407 3141 nt,
429 3066 632 3147 complectens
655 3074 752 3127 actum
776 3065 946 3126 intellectus
967 3085 1019 3144 pa·

347 3169 401 3216 nr
424 3161 456 3214 et
477 3151 653 3228 voluntatis,
675 3152 705 3213 id
727 3151 808 3233 quod
831 3153 1023 3232 cognoscitur

347 3241 455 3302 mila
471 3240 578 3300 affeetu
594 3240 735 3301 caritatis.
759 3240 806 3298 De
830 3257 891 3318 qua
912 3238 1022 3299 notitia

347 3327 447 3387 neus
460 3346 525 3409 cap.
536 3331 585 3387 11.
596 3350 602 3385 ε
619 3327 753 3403 Repleta
765 3332 808 3386 est
819 3333 907 3386 terro
919 3328 1021 3386 emea-

347 3425 373 3502 ,Ι-
394 3413 534 3489 Domini,
552 3422 582 3474 et
595 3411 619 3476 ‚J
621 3414 750 3475 eramiae
766 3432 829 3492 cap.
848 3416 911 3475 31.:
940 3414 1020 3488 009-

347 3505 420 3561 ⁵⁸oe
440 3502 633 3563 Dominum:
663 3518 771 3562 omncs
793 3503 876 3559 caim
904 3517 1021 3575 coquo·

347 3577 485 3664 mmo,
508 3595 540 3649 et
554 3585 729 3669 Sapientiae
748 3606 812 3668 cap.
832 3586 897 3647 15.:
925 3588 1022 3648 Nosse

358 3745 362 3750 ,
392 3682 608 3737 consummato
626 3676 752 3750 matta
774 3679 825 3734 eet.
848 3672 897 3733 Ita
912 3683 944 3735 et
958 3674 1021 3733 Do·

347 3769 425 3846 pana
440 3762 470 3822 in
484 3759 656 3843 Evangelio
671 3760 709 3822 de
724 3760 831 3822 ovibus
846 3763 925 3820 suis:
953 3763 1022 3837 Eoo

347 3849 479 3912 hosce
493 3867 591 3924 meos,
607 3857 637 3910 et
651 3855 844 3925 corroserint
857 3867 908 3908 mc
922 3867 1020 3921 meae,

347 3943 420 4014 Q.
432 3936 480 3996 10.
502 3935 545 3996 lit
556 3934 595 3995 ad
606 3934 762 4016 reprobos:
778 3936 852 3996 Non
866 3938 945 3995 aovi
957 3952 1021 4010 coe,

347 4021 436 4108 fitis.
456 4022 484 4082 7.
501 4029 533 4083 et
548 4022 598 4083 25.
621 4023 708 4084 Haec
730 4023 866 4103 receptio
889 4024 1023 4083 notitiae

347 4106 547 4190 ²Clrequeus
570 4117 617 4170 est
631 4110 662 4171 iu
684 4108 742 4171 hac
756 4108 906 4189 Epistola.
933 4105 1023 4170 Unde

347 4193 443 4276 §nui
469 4197 661 4258 consecutive
685 4194 788 4257 eadem
812 4203 899 4257 suut:
931 4197 1023 4256 Nosse

347 4285 444 4360 hem,
466 4282 609 4359 Dilipere
624 4285 739 4359 Deum,
764 4282 890 4344 Habere
905 4284 1022 4357 Deum,

347 4373 405 4432 *e
417 4367 454 4433 iss
469 4369 539 4432 Deo
553 4376 585 4430 et
599 4371 732 4434 Mancre
746 4371 782 4430 ia
798 4371 876 4431 Deo.

347 4437 544 4538 Rotundum
565 4464 680 4533 autem,
702 4456 811 4518 verbo:
836 4458 950 4518 scimur
970 4474 1022 4516 eeu

347 4545 552 4620 mmmm,
578 4564 639 4605 non
665 4543 832 4626 significari
855 4550 967 4604 certam
995 4550 1024 4602 et

347 4609 518 4695 inuitem
541 4632 686 4705 notitiam,
713 4628 764 4691 sed
788 4630 887 4711 qualis
911 4628 1024 4690 detali

378 4717 424 4783 de
435 4736 500 4801 qua
510 4736 607 4779 sermo
620 4726 673 4792 est,
688 4718 793 4778 haberi
806 4738 858 4796 per
869 4716 1021 4798 experien-

347 4807 398 4869 ῑιι
411 4812 524 4891 potest.
535 4802 650 4868 Sensus
663 4806 742 4868 enim
753 4803 842 4884 hujus
854 4804 950 4883 partis
960 4811 1022 4864 eet:

347 4893 394 4958 ‘u
408 4900 589 4975 argumento
605 4891 723 4954 discere
737 4910 894 4972 possumus
910 4899 940 4952 et
955 4910 1021 4971 cog-

347 4983 459 5055 ¹cere,
483 4977 566 5063 quod
587 4979 688 5041 Deum
710 4980 899 5053 noverimus,
922 4985 953 5038 et
973 4997 1024 5038 no·

347 5067 440 5133 ⁵udo
459 5064 638 5147 diligamus,
661 5066 688 5127 si
710 5072 872 5147 praecepta
895 5066 967 5145 ejus,
988 5084 1025 5124 ea

1694 596 1772 698 't'er

1080 801 1253 883 speciatim,
1283 822 1360 883 quae
1387 802 1425 863 de
1454 799 1610 883 diligendo
1640 803 1776 885 proximo

1080 888 1167 951 nobis
1190 888 1280 961 dedit,
1304 889 1503 951 observemus.
1531 888 1579 951 Ad
1601 890 1676 951 haec
1698 891 1776 951 enim

1079 984 1243 1058 praecepta
1258 976 1408 1037 loannem
1424 979 1581 1057 respicere,
1604 974 1722 1058 patebit
1737 997 1777 1038 ex

1080 1064 1126 1135 iis,
1143 1083 1224 1142 quae
1239 1060 1310 1123 dicit
1325 1063 1401 1122 inira
1417 1083 1506 1126 versu
1522 1068 1551 1127 9.
1569 1066 1680 1125 10.11.
1704 1061 1775 1125 Uer·

1079 1157 1142 1235 tum
1166 1149 1288 1230 quidem
1308 1162 1363 1223 est,
1386 1170 1463 1224 eum,
1488 1152 1539 1231 qui
1561 1148 1703 1212 mandata
1717 1150 1777 1210 Dei

1079 1246 1188 1313 servat,
1198 1255 1292 1321 ‘nosse
1307 1236 1405 1296 Deum
1421 1239 1530 1299 notitia
1544 1238 1696 1313 caritatis3
1720 1235 1776 1298 sed

1080 1322 1162 1403 qnod
1174 1320 1316 1384 mandata
1326 1324 1387 1384 Dei
1399 1342 1562 1399 servemus,
1575 1322 1776 1386 infallibiliter

1079 1411 1152 1471 certi
1163 1430 1223 1472 uon
1235 1430 1345 1486 sumna,
1358 1409 1413 1471 sed
1425 1412 1631 1492 experimento
1644 1410 1775 1492 quodam

1080 1517 1118 1557 ex
1129 1497 1175 1570 iis,
1188 1516 1267 1577 quae
1279 1498 1405 1578 agimus,
1418 1518 1598 1580 cognoscere
1609 1516 1776 1581 possumus.

1078 1584 1190 1664 Itaque
1213 1583 1377 1644 nihilfecit
1399 1585 1448 1647 hie
1467 1586 1551 1646 loeus
1572 1606 1625 1667 pro
1648 1578 1728 1646 nora
1742 1604 1778 1644 ae

1079 1670 1203 1753 speciali
1220 1669 1279 1730 fide
1296 1670 1525 1734 haereticorum.

1122 1762 1151 1817 4.
1176 1759 1238 1836 Qui
1253 1757 1341 1834 dicit,
1362 1778 1393 1820 sc
1416 1778 1506 1821 nosse
1520 1761 1617 1835 Eum,
1638 1766 1668 1819 ct
1682 1776 1778 1820 moa·

1078 1844 1158 1904 data
1172 1845 1254 1920 Ejus
1268 1864 1336 1908 oon
1352 1847 1497 1924 custodit,
1520 1847 1661 1908 mendac
1676 1851 1730 1920 eat,
1748 1852 1778 1905 ct

1077 1934 1114 1992 ia
1129 1932 1187 1992 hoc
1201 1932 1320 1993 veritas
1334 1950 1403 1995 uon
1418 1943 1470 1997 eat.
1494 1932 1626 1996 Graece:
1647 1934 1709 2012 Qui
1724 1932 1776 1993 di·

1077 2021 1137 2079 cit:
1158 2020 1243 2080 Novi
1266 2020 1362 2095 Eum,
1383 2029 1438 2083 etc.
1467 2022 1581 2101 Estque
1605 2023 1635 2083 iu
1659 2018 1776 2082 Graeco

1078 2105 1158 2167 idem
1188 2106 1328 2167 verbum:
1360 2111 1486 2188 τηρεῖν,
1517 2107 1600 2188 quod
1631 2110 1776 2189 interpres

1077 2193 1162 2253 varie
1181 2195 1287 2254 vertit:
1309 2194 1487 2272 observare,
1510 2213 1648 2271 encore,
1672 2201 1776 2256 cauo·

1078 2279 1155 2340 dire.
1187 2280 1329 2343 Mendax
1353 2289 1406 2360 cst,
1429 2281 1461 2342 id
1484 2289 1540 2354 est,
1562 2281 1672 2343 salsum
1694 2280 1775 2343 dicit.

1077 2365 1257 2448 Explicatur
1272 2369 1351 2428 euim
1365 2389 1420 2450 per
1435 2368 1500 2443 hoe,
1524 2368 1607 2449 quod
1623 2369 1774 2450 sequitur:

1077 2456 1121 2515 Et
1143 2457 1179 2516 in
1203 2474 1249 2530 co,
1277 2454 1396 2517 scilicet
1418 2455 1476 2517 hoc
1496 2455 1631 2529 dicente,
1657 2457 1776 2539 veritae

1076 2559 1145 2603 non
1161 2550 1212 2602 eet.
1241 2540 1279 2602 Id
1303 2549 1366 2603 est:
1386 2544 1455 2606 Hoc
1479 2542 1590 2618 diceus,
1618 2538 1775 2604 veritatem

1075 2649 1137 2689 non
1166 2628 1309 2709 loquitur.
1354 2629 1403 2691 Ita
1434 2631 1534 2711 eapite
1564 2628 1775 2712 praecedeuti:

1076 2716 1268 2790 Mentimur,
1292 2724 1322 2776 et
1344 2720 1511 2779 ceritatem
1534 2735 1603 2779 non
1627 2717 1774 2795 sommus.

1077 2803 1268 2885 Quamquam
1295 2814 1327 2865 et
1350 2813 1475 2866 eatenus
1499 2807 1619 2885 proprie
1645 2801 1774 2864 mendax

1076 2897 1130 2965 est,
1154 2888 1185 2950 id
1200 2900 1246 2951 est
1259 2890 1387 2971 loquens
1409 2901 1523 2966 eontra,
1547 2911 1638 2974 quam
1651 2891 1729 2973 gerit
1743 2891 1775 2952 iu

1075 2986 1183 3051 mente,
1207 2979 1282 3057 qnia
1304 2979 1380 3040 sciro
1399 2988 1528 3056 tenetur,
1551 2999 1584 3041 se
1598 2979 1699 3039 Deum
1714 2997 1774 3039 non

1074 3084 1172 3137 nosse,
1196 3066 1221 3124 ai
1236 3063 1380 3127 mandata
1395 3067 1460 3147 ejus
1475 3086 1535 3128 uon
1550 3063 1688 3128 custodit.
1715 3064 1774 3128 Be·

1074 3150 1192 3232 liquum
1215 3152 1303 3231 hujus
1319 3152 1433 3233 periodi
1456 3163 1540 3233 patet
1555 3173 1593 3214 ex
1609 3145 1774 3234 superioris

1076 3239 1168 3317 partis
1196 3239 1407 3317 explicatione.
1430 3239 1521 3302 Unde
1544 3247 1575 3302 et
1599 3238 1713 3321 liquet,
1736 3258 1774 3300 ex

1074 3324 1131 3386 hoc
1154 3325 1222 3385 loco
1244 3347 1306 3387 non
1329 3347 1395 3390 esse
1418 3346 1618 3408 consequens,
1641 3326 1673 3387 id
1693 3325 1772 3409 quod

1074 3410 1241 3472 adversarii
1266 3412 1345 3474 male
1377 3412 1540 3494 colligunt,
1571 3434 1639 3476 eum
1670 3432 1772 3475 carere

1073 3498 1142 3572 fide,
1166 3500 1219 3578 qui
1242 3502 1392 3562 caritatem
1415 3523 1475 3564 uon
1494 3500 1613 3563 hebeat.
1648 3500 1770 3562 Dictum

1075 3594 1122 3646 eet
1136 3586 1213 3646 enim
1229 3594 1258 3647 et
1275 3585 1468 3663 declaratum,
1491 3588 1564 3670 quid
1587 3589 1700 3651 Joanni
1722 3589 1770 3662 sit

1074 3691 1163 3735 nome
1178 3674 1292 3735 Deum.

1118 3760 1146 3820 ὁ.
1171 3761 1232 3839 Qui
1258 3769 1364 3823 eutem
1389 3771 1495 3823 rervm
1524 3763 1655 3824 verdum
1677 3763 1769 3838 Eius,

1076 3865 1147 3909 vere
1172 3847 1209 3907 in
1234 3849 1291 3909 hoc
1316 3850 1435 3909 caritas
1460 3852 1523 3912 Dei
1544 3850 1690 3929 perfeeto
1716 3856 1769 3912 cst.

1078 3934 1234 4011 Perfecto,
1246 3934 1333 4016 idest
1345 3945 1558 4011 consummata,
1571 3936 1770 4018 participium,

1076 4042 1136 4082 non
1151 4041 1268 4083 nemen.
1292 4022 1370 4083 Nam
1394 4025 1426 4088 in
1442 4022 1557 4085 Graeco
1577 4024 1704 4087 verbum
1726 4031 1773 4086 eat

1076 4108 1232 4188 passivum
1248 4107 1402 4187 praeteriti
1424 4112 1584 4192 temperis:
1606 4102 1771 4172 τετελείω·

1075 4212 1135 4269 ται,
1153 4191 1235 4275 quod
1249 4195 1354 4256 Latine
1365 4194 1528 4270 resolvitur
1539 4199 1571 4262 in
1582 4199 1771 4279 participium

1076 4290 1107 4342 et
1121 4280 1247 4342 verbum
1263 4282 1497 4350 substantivum.
1521 4286 1695 4347 Ueritatem
1711 4287 1773 4346 Dei

1075 4367 1224 4448 intelligit,
1242 4388 1302 4448 qua
1317 4389 1372 4433 nos
1386 4371 1484 4435 Deum
1500 4369 1660 4453 diligimus.

1119 4454 1180 4517 Sed
1202 4456 1370 4536 quaeritur,
1397 4478 1486 4539 qnam
1512 4460 1594 4521 dieat
1620 4462 1773 4522 cerintum

1076 4542 1137 4603 Dei
1160 4541 1324 4621 perfeetum
1345 4563 1397 4606 seu
1423 4554 1668 4610 consummatam
1704 4546 1774 4608 Hoc

1077 4636 1113 4688 ut
1127 4628 1321 4709 intelligatur,
1345 4630 1543 4693 conferendus
1558 4643 1605 4695 est
1625 4633 1773 4708 hiclocue

1078 4736 1146 4776 cnm
1170 4717 1215 4789 iis,
1240 4736 1320 4797 quae
1343 4719 1417 4780 dicit
1440 4738 1504 4799 esp.
1525 4723 1570 4782 4.:
1592 4723 1629 4784 Si
1654 4721 1773 4798 ‹lilipu-

1076 4821 1164 4884 mus,
1192 4804 1304 4884 inquit,
1332 4807 1486 4883 invicem,
1512 4808 1600 4878 Deos
1621 4810 1657 4871 ia
1682 4809 1774 4871 nebia

1076 4898 1197 4967 monet,
1215 4894 1374 4977 sicuritas
1389 4893 1469 4968 Ilius
1479 4896 1515 4955 in
1527 4895 1617 4972 nohis
1628 4897 1774 4975 perfeeto

1077 4984 1129 5038 cst.
1152 4977 1214 5039 Ubi
1236 4979 1266 5039 in
1281 4977 1401 5040 Graeco
1425 4982 1612 5063 participium
1634 4984 1773 5065 exprimi·

1076 5070 1142 5124 tur:
1169 5056 1391 5145 τετελειωμένη
1406 5057 1496 5127 ἐστίν.
1527 5068 1566 5129 Et
1588 5070 1710 5132 iterumt
1732 5072 1775 5134 ln

1496 5166 1568 5236 448
