4442 5825
727 599 890 656 tristem
906 600 935 656 11.
953 601 1040 656 ΒΕΑΠ
1055 599 1149 654 Perat
1167 599 1250 655 VERS.
1271 601 1311 655 to.
1331 601 1373 654 lt.
1676 603 1749 675 637

359 781 458 843 rvenit
480 780 548 843 Nee
562 780 669 854 obstat,
684 778 767 862 quod
782 780 917 860 proxime
933 777 1000 840 eub-

359 870 415 949 git,
429 877 585 950 tamquam
601 867 760 941 diversum,
783 866 820 927 de
836 875 915 927 terre
930 885 1001 926 exu-

359 955 409 1017 da
430 955 511 1017 Nem
522 965 631 1016 terram
643 954 758 1036 repetit,
773 963 808 1013 ot
819 952 901 1013 aliud
917 950 1001 1035 quid-

359 1041 494 1117 naddat,
510 1043 590 1123 quod
602 1041 641 1102 ad
657 1060 724 1102 eam
740 1041 895 1123 pertineat.
919 1039 1001 1100 Alio·

379 1138 491 1190 taxrem
514 1131 569 1191 aab
594 1127 748 1189 elementia
770 1148 788 1186 a
811 1127 903 1187 Petro
926 1147 1002 1187 eom·

359 1215 465 1290 bandi,
488 1218 561 1277 aetio
585 1236 625 1277 ex
639 1235 674 1276 eo
698 1224 789 1295 patet,
809 1212 895 1294 quod
917 1213 1004 1286 inira,

359 1321 378 1361 n
392 1304 503 1363 iterum
519 1302 659 1363 dixieset:
683 1303 837 1362 elemento
851 1304 934 1377 iguis
948 1317 1004 1360 or·

359 1408 386 1451 ’e
407 1390 576 1465 tabescent,
600 1388 673 1450 nibil
695 1397 795 1449 tamen
818 1389 856 1448 de
878 1387 1003 1448 dieaolu·

359 1498 391 1537 re
416 1476 471 1536 vel
500 1478 656 1538 exustione
682 1485 781 1536 terrae
803 1474 1004 1553 adjiciendum

359 1566 441 1624 *avit

359 1650 448 1710 Porro
465 1649 703 1711 dissolutionem
723 1650 947 1709 elementorum
963 1648 1005 1706 in·

359 1737 426 1818 ige,
448 1757 509 1798 nou
528 1756 588 1816 qua
603 1736 789 1798 resolvantur
804 1738 835 1794 in
850 1735 1006 1795 materiam

359 1842 449 1898 mam,
477 1822 642 1904 quaerela
664 1832 709 1884 eet
731 1841 831 1882 eorum
851 1820 1007 1880 materiale

359 1912 492 1993 ueipium
516 1905 605 1987 (haee
619 1912 698 1970 enim
714 1908 872 1969 dissolutio
896 1910 1005 1987 impoe-

359 1998 407 2060 ilia
422 2005 477 2070 eat,
499 2007 554 2057 aut
567 1996 674 2058 saltem
698 1995 809 2057 mundo
832 1993 1006 2056 renovando

359 2087 433 2147 rime
458 2081 660 2161 conveniens),
683 2084 736 2144 aed
761 2103 932 2163 perquam,
956 2081 1006 2141 ab·

359 2192 373 2233 ι
407 2190 446 2231 aa
474 2171 558 2231 velut
579 2183 705 2231 excocta
727 2173 807 2231 omni
829 2171 1008 2250 impuritate,

359 2258 479 2319 ldantnr
508 2258 626 2319 omnino
656 2278 745 2339 pura,
775 2266 927 2335 tamquam
954 2274 1009 2335 per

361 2364 412 2407 em
436 2346 608 2405 examinata
629 2353 721 2426 atque
745 2345 877 2423 probata.
900 2342 1009 2423 Neque

359 2452 390 2493 m
406 2431 649 2492 substantialiter
659 2428 841 2493 immutanda
853 2441 938 2507 eunt;
955 2427 1009 2489 eed

359 2528 473 2580 etatum
489 2526 519 2578 et
534 2519 640 2579 taeiem
656 2518 816 2592 meliorem,
836 2536 915 2597 quoe
930 2535 1009 2577 novo

359 2606 423 2669 ndo
439 2614 593 2685 congruat,
615 2607 714 2665 omnia
727 2602 922 2665 restituenda.

359 2696 466 2757 rma
486 2699 603 2767 erstem,
628 2699 658 2752 et
681 2711 762 2768 quae
784 2696 819 2754 ta
842 2695 912 2767 ipso
935 2696 1010 2751 aaut

359 2798 427 2856 ero,
455 2788 638 2840 exarentur.
672 2781 880 2840 Eaartr'ooem
904 2785 1010 2836 terrae

359 2869 427 2943 ruit,
449 2876 603 2948 tamquam
624 2865 771 2927 elemento
792 2883 864 2947 prae
885 2866 1010 2925 eaeterie

359 2974 415 3017 sao
440 2961 471 3014 et
490 2954 651 3026 materiali,
673 2955 703 3012 in
727 2973 786 3035 quo
808 2954 857 3015 via
880 2950 1011 3012 incendii

359 3040 524 3104 rementior
549 3048 702 3119 appareat.
737 3041 928 3121 Quamquam
951 3059 1011 3099 uon

359 3149 370 3190 e
399 3125 609 3207 accipiendum
636 3126 672 3187 de
699 3135 762 3186 toto
788 3135 887 3186 terroe
912 3124 1011 3204 globo,

359 3216 403 3276 rai
418 3214 498 3293 ignie
514 3220 608 3274 totum
623 3213 661 3275 eit
672 3222 890 3294 penetraturua,
905 3212 958 3272 sed
974 3210 1011 3272 de

359 3301 454 3363 rtibua
477 3300 682 3373 exterioribus,
705 3321 781 3381 quae
805 3301 939 3359 serviunt
952 3299 1009 3358 uei·

359 3388 537 3459 rbumania,
559 3405 698 3468 quaeque
713 3388 843 3467 pereatis
859 3386 1011 3446 hominum

359 3474 447 3535 betae
474 3472 693 3553 quodammodo
724 3482 754 3533 et
783 3473 1010 3547 contaminatae,

359 3571 394 3621 ut
409 3558 485 3620 alibi
499 3560 653 3640 Seriptura
668 3560 807 3642 loquitur,
822 3560 1011 3640 purgatione,

359 3667 395 3710 ae
417 3647 586 3727 perignem
605 3646 666 3721 bet,
688 3645 871 3726 indigebunt.
894 3648 1010 3723 Opera,

359 3754 397 3795 as
412 3738 450 3794 ist
464 3740 552 3794 terro
573 3740 657 3808 snut,
680 3733 852 3813 intelligunt
874 3732 1012 3816 plerique

359 3866 368 3894 ,
397 3838 482 3902 quae
511 3819 691 3880 naturaliter
720 3829 817 3881 ortum
843 3820 955 3881 babent
981 3821 1011 3878 in

359 3928 394 3969 rs
410 3926 449 3968 ex
463 3908 620 3989 primaeva
630 3906 690 3968 Dei
702 3908 897 3982 institutione,
914 3906 944 3966 id
960 3914 1011 3980 eat,

359 4014 443 4077 rpora
457 3994 559 4070 mixta,
573 3993 694 4067 beatior,
716 3993 844 4069 arborea,
861 4003 1010 4054 caeterae·

359 4099 375 4142 e
398 4079 532 4162 plautae,
556 4099 670 4156 aarum,
693 4089 847 4161 argenium
871 4091 901 4141 et
924 4078 1010 4159 quid·

360 4168 392 4231 id
419 4165 490 4228 tale.
524 4167 615 4248 Quae
640 4168 740 4227 omnis
765 4167 917 4228 exurenda
945 4167 1011 4239 eint,

359 4273 375 4317 n
398 4263 434 4315 nt
447 4262 617 4335 purgentur
639 4274 674 4314 ae
698 4264 877 4315 renoventur
899 4252 1011 4334 (neque

359 4339 396 4404 lm
420 4340 540 4402 illorum
561 4359 635 4400 naue
657 4341 712 4400 erit
735 4350 803 4421 poet
824 4342 1010 4402 resurreetio·

359 4426 404 4508 n),
426 4426 481 4490 aed
496 4434 532 4487 ut
545 4430 665 4510 penitae
687 4427 828 4489 tollantur
851 4436 945 4508 atque
968 4428 1011 4487 in·

359 4524 441 4590 aaut,
453 4514 637 4575 resolutione
644 4513 724 4574 laeta
735 4516 766 4575 in
778 4516 844 4595 ipea
855 4515 1010 4576 elementa.

359 4611 446 4664 nent
472 4602 564 4662 etism
587 4600 715 4681 intelligi
741 4621 832 4682 opera
857 4602 1010 4663 bominum

359 4707 379 4752 e
400 4689 501 4761 faute,
520 4696 555 4747 ut
576 4686 722 4761 aedificia,
748 4689 902 4762 civitatee,
927 4707 1011 4750 aroee

359 4779 471 4859 uiaque
485 4774 631 4854 supellex,
648 4784 679 4835 et
691 4795 777 4836 omne
792 4795 888 4855 genua
905 4777 1009 4837 instro·

359 4873 483 4927 ntorum
510 4862 719 4942 corporalium.
768 4862 848 4922 Nam
879 4872 910 4922 et
938 4863 1012 4923 haee

359 4953 413 5013 uia
438 4969 507 5011 oum
529 4949 642 5024 mixtio,
668 4969 707 5010 ex
730 4949 838 5029 quibua
864 4959 1010 5023 nunaunt,

359 5038 484 5111 tribunt,
506 5043 541 5097 nt
554 5035 620 5098 aols
635 5046 807 5099 remaneant
822 5035 979 5098 elementa.

1098 776 1259 840 Caeterum
1286 778 1382 858 magia
1405 775 1560 857 probabile
1584 773 1670 836 nobie
1696 781 1750 848 est,

1056 885 1110 945 per
1124 884 1232 942 opero,
1249 883 1331 942 quae
1342 869 1378 925 iu
1390 872 1477 925 terra
1488 870 1572 937 aaut,
1589 871 1676 924 actua
1690 869 1750 921 ter·

1056 971 1144 1013 renea
1160 953 1284 1011 Petrum
1301 953 1471 1031 significare
1487 950 1624 1022 voluisse,
1648 948 1678 1009 id
1695 957 1752 1021 eat,

1056 1060 1150 1119 opera
1162 1047 1367 1118 peecatorum
1384 1036 1635 1121 quemadmodum
1649 1042 1753 1095 eontra

1057 1125 1198 1186 debonis
1222 1123 1361 1205 operibus
1385 1126 1494 1186 dieitur
1508 1145 1526 1184 a
1541 1122 1647 1198 Panlo,
1671 1120 1753 1202 quod

1056 1220 1170 1273 nostra
1185 1216 1383 1273 eauoereats‘o
1400 1217 1436 1274 s'a
1451 1212 1543 1273 coelio
1558 1219 1612 1284 eet,
1628 1208 1706 1269 Pbil.
1724 1212 1751 1271 3.

1056 1300 1145 1360 Unde
1161 1309 1192 1360 et
1208 1299 1310 1359 eodem
1327 1300 1404 1372 loeo,
1421 1302 1476 1376 qui
1491 1298 1663 1358 recondam
1678 1313 1752 1354 cor·

1059 1406 1131 1448 aem
1141 1387 1318 1461 ambulant,
1332 1385 1752 1462 terreuoeopereds'orsutssr.

1057 1474 1117 1534 Hie
1133 1475 1360 1534 commentarius
1382 1491 1421 1533 ex
1436 1473 1535 1533 verbio
1557 1472 1693 1552 proxime
1708 1489 1752 1529 ae·

1059 1560 1223 1640 quentibue
1248 1560 1487 1639 probabilitatem
1503 1561 1620 1639 accipit,
1643 1556 1753 1639 quibua

1057 1647 1194 1708 bortatur
1210 1647 1319 1708 Petrae
1335 1646 1448 1719 fidelea,
1464 1656 1505 1721 ut,
1522 1646 1663 1727 quoniam
1679 1643 1754 1705 haee

1060 1737 1171 1796 omnio
1182 1734 1383 1796 dissolvendo
1393 1742 1476 1808 enat,
1492 1737 1608 1795 sanctie
1619 1749 1753 1793 eonver-

1060 1821 1234 1883 sots'om'btss
1255 1829 1284 1882 et
1305 1821 1485 1899 pietatibus,
1507 1829 1660 1901 tamquam
1683 1838 1753 1897 ope·

1060 1909 1143 1970 ribua
1159 1908 1347 1982 coelestibus,
1371 1909 1550 1982 incumbant,
1570 1914 1753 1984 exspecten-

1061 2005 1105 2056 tee
1124 2002 1154 2056 et
1176 2002 1388 2072 properanter
1413 1999 1449 2058 iu
1469 1996 1644 2056 aduentam
1668 1995 1755 2054 illius

1061 2083 1125 2142 diei
1147 2091 1213 2156 etc,
1237 2103 1275 2142 ne
1296 2081 1446 2156 videlicet,
1471 2084 1497 2143 ai
1521 2102 1607 2142 aeona
1631 2082 1755 2160 egerint,

1062 2190 1155 2251 opera
1179 2190 1290 2243 eorum,
1314 2168 1399 2230 velut
1422 2178 1549 2243 terrena,
1576 2169 1665 2229 eimul
1688 2187 1754 2228 eum

1062 2267 1143 2316 terra
1158 2268 1329 2328 exurantur,
1346 2265 1374 2315 et
1384 2257 1442 2336 ipai
1457 2264 1589 2336 pereant,
1605 2265 1659 2315 aut
1674 2265 1756 2316 certe

1062 2343 1271 2404 detrimentum
1293 2345 1453 2423 patiantur.
1476 2342 1604 2404 Videtur
1624 2345 1703 2404 enim
1719 2341 1754 2402 B.

1062 2430 1181 2503 Petrus,
1198 2428 1308 2506 dicens,
1324 2450 1424 2509 opera,
1443 2450 1523 2511 quae
1538 2433 1568 2490 in
1583 2438 1661 2490 terra
1675 2439 1755 2502 aunt,

1062 2515 1214 2577 exurenda
1229 2537 1303 2590 ease,
1326 2516 1403 2577 illud
1422 2518 1583 2592 insinuare,
1606 2515 1688 2598 quod
1703 2536 1754 2577 ex·

1063 2604 1197 2683 prereina
1219 2624 1237 2664 a
1261 2604 1357 2665 Paulo
1381 2603 1493 2664 dietum
1515 2614 1563 2665 eet
1586 2609 1603 2664 1
1623 2602 1692 2665 Cor.
1708 2605 1755 2664 3.:

1062 2692 1097 2752 Si
1112 2694 1201 2765 eujus
1215 2709 1295 2769 opos
1311 2695 1437 2767 eremi,
1454 2692 1677 2754 detrimentum
1692 2710 1754 2768 po·

1062 2780 1168 2838 tirius.
1191 2776 1271 2840 Nam
1293 2786 1325 2839 et
1338 2778 1399 2839 illie
1423 2779 1462 2839 de
1479 2777 1585 2839 eodem
1601 2780 1670 2859 igne
1686 2799 1754 2839 eau-

1062 2864 1247 2945 flagrationie
1270 2885 1305 2927 ee
1321 2866 1508 2948 purgationis
1527 2886 1624 2927 aermo
1641 2876 1693 2941 eat,
1717 2865 1756 2927 de

1063 2970 1125 3033 quo
1140 2951 1191 3012 hie
1205 2955 1312 3033 agitur.
1330 2954 1387 3013 Eat
1399 2962 1429 3014 et
1443 2952 1540 3014 altera
1555 2954 1713 3015 antitheeia
1724 2956 1756 3014 in

1064 3059 1106 3111 eo,
1135 3038 1216 3120 quod
1242 3038 1342 3100 adhue
1365 3042 1518 3122 sequitur:
1549 3043 1656 3103 Nooos
1681 3059 1755 3102 vero

1063 3125 1163 3186 coelos
1178 3132 1207 3187 et
1218 3146 1336 3188 aevom
1351 3134 1471 3188 terram
1482 3135 1704 3205 exspectamus,
1720 3131 1756 3189 ia

1063 3211 1176 3289 quibas
1193 3216 1321 3288 justitio
1342 3214 1472 3274 taetras.
1496 3215 1584 3275 Hane
1608 3216 1687 3275 euim
1705 3216 1755 3295 ju·

1062 3299 1183 3374 etitiam,
1200 3319 1279 3379 quae
1294 3302 1325 3360 iu
1339 3321 1420 3363 nova
1435 3308 1516 3362 terra
1529 3301 1688 3377 habitabit,
1703 3322 1755 3382 op-

1063 3406 1175 3466 ponere
1187 3385 1305 3447 videtur
1317 3388 1467 3468 operibus,
1478 3389 1595 3469 quaein
1606 3388 1663 3448 hae
1675 3395 1757 3450 terra

1063 3480 1141 3542 sunt,
1159 3473 1190 3533 id
1206 3483 1250 3533 est
1263 3476 1402 3554 pereatis.
1427 3476 1588 3535 Auctorem
1604 3474 1694 3553 hujua
1705 3495 1755 3537 ex-

1064 3562 1220 3639 poeitiouie
1243 3560 1338 3621 habeo
1360 3560 1588 3635 Oeonmenium,
1611 3561 1683 3621 lieet
1704 3563 1756 3623 alii

1063 3667 1122 3707 non
1145 3649 1339 3708 meminerint.
1361 3647 1451 3722 Vide,
1473 3667 1553 3729 quae
1574 3647 1703 3709 diximus
1726 3652 1757 3710 in

1064 3735 1277 3794 commentario
1306 3741 1322 3794 l
1346 3734 1413 3796 Oor.
1439 3739 1466 3799 3.
1494 3735 1534 3795 ad
1561 3734 1651 3795 illud:
1681 3738 1757 3796 Diae

1065 3824 1150 3882 euim
1165 3823 1299 3881 Domini
1314 3822 1490 3882 declarabit
1504 3830 1558 3883 etc.

1111 3911 1160 3967 11.
1186 3910 1263 3970 Cam
1287 3910 1386 3984 igitar
1411 3911 1486 3970 baec
1513 3911 1623 3970 omnio
1644 3909 1756 3970 dissol-

1064 3994 1170 4055 vendo
1186 3998 1259 4068 ri-at,
1282 3996 1392 4071 quoles
1414 4003 1537 4071 oportet
1562 4014 1615 4056 oos
1637 4014 1699 4056 esse
1721 4000 1757 4058 ia

1064 4084 1180 4142 eoactie
1200 4084 1494 4143 eonvereotiouibrsa
1519 4089 1549 4142 et
1570 4083 1761 4159 pietatibus!

1064 4169 1240 4228 Doctrinam
1270 4171 1452 4248 superiorem
1489 4168 1528 4230 de
1564 4171 1669 4231 mundi
1705 4192 1758 4252 per

1063 4255 1600 4336 iguemtranemntationeApostoliee
1609 4261 1759 4319 convertit

1064 4340 1102 4401 ad
1119 4342 1365 4402 exhortationem.
1388 4344 1477 4404 Haeo
1492 4347 1602 4405 omnio
1616 4344 1759 4423 intelligit

1064 4429 1181 4488 eoelum
1195 4438 1225 4488 et
1241 4430 1397 4503 elementa,
1422 4449 1500 4509 quae
1522 4428 1664 4491 mundum
1679 4431 1758 4491 hune

1064 4514 1233 4575 inferiorem
1260 4518 1450 4577 constituunt.
1480 4518 1518 4577 In
1545 4517 1662 4578 Graeco
1689 4525 1759 4578 eunt

1063 4602 1188 4682 genitivi
1203 4603 1338 4664 abeolnte
1353 4604 1459 4683 positi,
1475 4624 1528 4683 pro
1544 4603 1655 4684 quibua
1667 4604 1756 4665 Erae·

1063 4708 1131 4749 mue
1147 4689 1271 4750 Latine:
1288 4691 1348 4751 His
1362 4693 1461 4767 igitar
1475 4691 1621 4751 omnibns
1640 4692 1757 4753 solutis.

1063 4774 1123 4837 Sed
1136 4796 1202 4836 eum
1216 4769 1371 4855 λυομένων
1384 4780 1548 4857 praesentis
1563 4779 1601 4837 sit
1614 4780 1757 4859 temporie

1063 4865 1265 4944 participium,
1277 4863 1387 4925 maliue
1398 4866 1429 4925 in
1441 4864 1565 4924 verbum
1577 4865 1757 4943 resolvitur,

1063 4949 1144 5029 quod
1169 4949 1239 5011 ierit
1261 4950 1431 5012 Henteniae
1455 4949 1494 5010 ad
1520 4951 1600 5011 buno
1621 4951 1756 5014 modum:

1064 5040 1167 5116 Quem
1198 5040 1297 5114 lpitur
1324 5038 1402 5099 boae
1439 5040 1549 5100 omnio
1578 5039 1755 5101 solventur.
