4442 5825
764 607 927 665 trlswtst
944 611 962 662 l.
981 608 1070 665 ΒΙΑΤΙ
1085 609 1218 664 resume.
1251 607 1336 662 lm.
1355 607 1441 665 8.-5.
1744 617 1815 684 741

366 780 444 842 haec
458 801 527 862 pers
541 781 696 845 referatur.
733 784 812 845 Nam
835 804 888 863 pro
912 804 963 858 eo,
982 784 1064 866 quod
1114 785 1212 847 Simul
1228 784 1302 846 heec
1316 787 1463 846 sententia
1485 804 1541 846 uos
1560 784 1652 846 docet
1665 804 1768 846 rerem
1783 791 1816 846 et

368 865 419 929 hic
435 867 563 929 dicitur:
579 871 621 931 Et
635 889 723 931 nono
732 873 804 946 jem
820 874 856 931 in
871 872 993 934 muodo
1008 877 1063 949 est,
1114 870 1319 933 Ohristienam
1334 871 1553 945 humilitatem,
1577 891 1639 952 qne
1654 872 1812 932 victoriam

366 953 431 1016 illic
449 952 618 1016 dicebatur:
645 958 738 1018 Nunc
762 960 949 1019 Antichrirti
971 958 1066 1021 molti
1116 960 1311 1019 tentationum
1338 976 1397 1019 non
1419 960 1530 1019 nostris
1555 959 1671 1019 viribus
1697 957 1810 1019 adscri-

365 1042 449 1119 {octi
463 1049 546 1102 mont.
577 1042 674 1121 Igitur
689 1043 893 1105 Antichristus
909 1045 972 1126 ipse
987 1063 1066 1107 nono
1113 1043 1243 1106 bendum
1257 1045 1446 1117 noverimus,
1472 1043 1525 1105 sed
1548 1045 1702 1124 potentiae
1717 1053 1748 1104 et
1760 1044 1812 1104 mi·

368 1132 400 1188 in
427 1127 538 1188 mundo
565 1148 634 1190 esse
660 1128 766 1190 dicitur
799 1139 924 1211 propter
948 1130 1065 1206 multos,
1114 1129 1297 1193 sericordice
1317 1131 1385 1192 Dei.
1419 1129 1511 1212 Quod
1537 1140 1569 1192 et
1596 1130 1734 1192 Christus
1756 1149 1813 1191 nos

367 1233 445 1296 qnos
475 1213 580 1288 hehet,
609 1234 820 1296 praecursores
846 1237 882 1278 ec
908 1217 1065 1291 satellites,
1112 1217 1231 1291 docuit,
1253 1215 1374 1298 quondo
1395 1220 1550 1299 praecepit
1570 1237 1670 1279 orare:
1692 1219 1813 1278 Nenos

367 1299 554 1382 cosdemque
563 1304 794 1383 participatione
804 1305 851 1364 sui
861 1304 991 1366 nominis
1003 1304 1063 1366 An'
1113 1304 1250 1365 inducas
1275 1308 1311 1366 io
1340 1309 1557 1366 tentationem.
1595 1303 1745 1365 Diabolus
1775 1305 1813 1364 tn

366 1386 536 1462 tiehristos,
566 1391 617 1469 qui
644 1389 787 1450 doctrinis
813 1396 843 1450 et
870 1391 958 1452 factis
985 1392 1064 1452 riam
1114 1391 1235 1452 mondo
1259 1410 1323 1452 cose
1346 1399 1376 1451 et
1390 1392 1526 1453 hahitare
1541 1390 1665 1463 dicitnr,
1692 1391 1815 1472 quirin

366 1482 506 1536 sternunt
526 1475 604 1536 illius
627 1474 784 1549 adventui,
806 1477 883 1537 islsc
904 1486 999 1558 atque
1013 1478 1065 1538 im-
1112 1497 1224 1558 genere
1238 1478 1383 1550 humano,
1409 1480 1515 1559 inquo
1539 1478 1659 1558 plurimi
1674 1485 1744 1539 sunt
1757 1478 1811 1536 im-

365 1561 419 1642 pia
441 1558 480 1620 de
494 1559 614 1622 Christo
636 1562 796 1637 docentes,
819 1573 849 1623 et
864 1561 1017 1624 Christum
1033 1567 1065 1625 in
1113 1565 1172 1645 pii,
1192 1564 1362 1624 dominetur
1377 1572 1407 1624 et
1422 1573 1543 1644 regnet,
1567 1563 1644 1626 adeo
1666 1574 1701 1625 ut
1714 1581 1811 1625 mort·

365 1646 509 1709 memhris
532 1649 596 1708 suis
625 1657 847 1729 persequentes.
884 1649 965 1711 Vide
990 1650 1065 1711 dicti
1113 1650 1173 1710 dos
1198 1656 1282 1712 totos
1307 1654 1344 1713 io
1369 1652 1512 1728 motique
1535 1654 1657 1728 positos
1684 1651 1812 1713 dicotur

368 1736 429 1795 loci
444 1737 688 1796 commentarium
705 1734 744 1795 sd
759 1755 826 1816 cap.
843 1740 872 1799 2.
1113 1736 1169 1797 suh
1185 1736 1273 1798 finem
1288 1737 1379 1816 hujus
1395 1737 1564 1817 Epistolse.

410 1823 441 1881 4.
471 1822 532 1882 Vos
546 1840 584 1883 cc
599 1824 668 1883 Deo
684 1825 771 1897 cotis,
794 1823 897 1900 tilioli.
931 1824 1064 1886 Echo
1156 1822 1185 1883 5.
1208 1824 1276 1902 Ipsi
1301 1824 1339 1884 dc
1368 1826 1507 1899 mondo,
1545 1825 1611 1885 vel:
1646 1821 1811 1885 emendo

365 1906 606 1987 unigenitio
621 1919 667 1970 est
683 1910 734 1969 filii
749 1910 818 1970 Dei.
847 1909 885 1971 Id
897 1911 995 1991 ipsum
1011 1930 1063 1971 ex·
1112 1918 1202 1986 sont,
1220 1920 1253 1970 ut
1268 1910 1379 1972 hebent
1395 1909 1517 1973 Graeca.
1553 1909 1750 1971 Antichristus
1765 1909 1810 1969 in·

364 1995 469 2075 primit
483 1995 572 2074 poulo
587 2004 670 2075 post:
688 1998 809 2070 Omnis,
827 2000 883 2074 qui
894 1998 1009 2073 ostreo,
1026 2016 1064 2060 co
1112 1996 1229 2075 telligit,
1245 1998 1295 2077 qni
1312 1998 1351 2058 dc
1362 1999 1483 2060 mondo
1500 2017 1561 2059 rosc
1571 1996 1717 2069 dicuntur,
1733 1996 1808 2076 quio

362 2085 436 2145 Deo
458 2089 554 2143 nomo
576 2089 638 2155 cst,·
665 2101 725 2163 quo
748 2102 838 2143 seusu
862 2084 940 2144 dixit
962 2087 1064 2163 capite
1111 2085 1262 2163 pertinent
1277 2084 1315 2143 od
1331 2093 1445 2165 partem
1461 2086 1578 2164 generis
1590 2083 1712 2144 humani
1727 2081 1810 2144 illam

362 2166 576 2250 praecedenti:
601 2170 728 2246 Omnis,
744 2172 800 2246 qoi
814 2174 1062 2246 nonettjrcttcs,
1111 2170 1206 2230 multo
1228 2173 1402 2243 maximum,
1429 2190 1509 2251 qnae
1530 2172 1624 2231 servit
1638 2177 1762 2250 peccato
1777 2177 1810 2229 et

363 2273 437 2319 non
463 2261 507 2317 cot
528 2273 566 2317 eto
589 2257 667 2317 Deo.
701 2255 874 2337 Alloquitur
896 2257 1062 2318 Ecclesium
1111 2258 1362 2336 concupiscentiis
1378 2258 1453 2335 ejus.
1486 2259 1534 2318 De
1548 2255 1661 2317 talibus
1676 2257 1807 2337 Aposto-

361 2342 511 2415 tidelium,
538 2342 625 2421 cnjus
649 2342 812 2423 praecipua
837 2344 969 2404 membra
994 2352 1063 2405 sunt
1111 2340 1159 2403 los
1170 2343 1287 2403 Paulus
1299 2343 1463 2405 Romus:
1479 2343 1707 2419 Huiuscemodi
1716 2342 1809 2405 Ultri-

360 2430 420 2492 tilii
435 2429 504 2488 Dei.
1109 2436 1157 2490 sto
1186 2431 1328 2491 Domine
1363 2448 1432 2492 oon
1465 2433 1627 2504 suoiom,
1665 2428 1719 2491 scd
1747 2446 1805 2491 suo

408 2517 453 2578 nt
467 2517 583 2576 vicistis
598 2534 678 2576 com.
702 2514 1062 2582 ScilicetAutichristnm
1109 2518 1224 2578 cenot

361 2603 671 2769 httttttllt
687 2601 1063 2769 ,tiirrttftttult
1109 2604 1230 2751 ,llil
1252 2601 1806 2751 {wttlltffllitailtt

362 2793 435 2851 cos,
452 2774 543 2837 idest
557 2777 783 2852 Antichristos,
800 2777 867 2850 vel,
894 2775 975 2857 qnod
991 2785 1061 2837 ante
1109 2778 1291 2857 Loquentur
1312 2776 1350 2837 de
1369 2777 1460 2838 rohos
1482 2787 1537 2837 aut
1558 2776 1806 2858 concupiscentiis

361 2865 546 2945 praecessit,
560 2863 859 2941 pseudoprophetes.
891 2863 979 2945 Quae
994 2863 1060 2945 plu·
1109 2863 1283 2936 mundanis,
1300 2882 1376 2943 ques
1386 2862 1524 2944 diligunt,
1540 2863 1702 2924 secundum
1718 2861 1806 2924 illud:

361 2950 437 3012 ralis
453 2949 542 3011 lectio
558 2950 744 3032 quorundum
761 2953 849 3013 etiam
865 2961 910 3012 est
925 2951 1061 3011 codicem
1108 2954 1162 3015 Ec
1175 2951 1380 3013 abundantio
1394 2952 1499 3012 cordis
1514 2969 1548 3012 ot
1563 2950 1715 3028 loquitor,
1730 2949 1806 3011 Luc.

361 3039 549 3100 Latinorum.
581 3038 697 3099 Auctor
721 3038 772 3098 lib.
788 3036 828 3099 de
842 3039 949 3118 singul.
965 3037 1060 3098 cleric.
1110 3043 1139 3101 6.
1162 3038 1250 3100 Multi
1265 3040 1345 3099 enim
1359 3037 1453 3099 hodie
1469 3046 1538 3099 sunt
1553 3038 1737 3110 Antichristi,
1753 3037 1807 3119 qui

362 3126 440 3205 legit
465 3127 671 3205 praeceptive:
705 3127 826 3186 Vincite
852 3125 933 3185 illos.
966 3124 1060 3185 Porro
1109 3124 1232 3185 assidue
1247 3126 1277 3186 in
1294 3144 1345 3186 ore
1363 3124 1477 3186 hahent
1491 3145 1544 3199 ea,
1568 3144 1646 3202 quoe
1662 3146 1681 3185 e
1694 3121 1805 3184 mundo

360 3214 496 3286 oiot'rts's,
521 3212 655 3291 intellige
672 3231 725 3291 per
741 3212 837 3272 fidem.
874 3213 962 3272 Hoee
974 3213 1059 3272 enim
1108 3212 1240 3273 maxime
1255 3212 1418 3274 videantur
1429 3212 1536 3285 eliens,
1552 3220 1585 3272 ut
1597 3210 1807 3290 Evangelium,

359 3306 408 3361 cst
422 3300 570 3373 victorio,
590 3318 671 3376 quoe
688 3302 785 3359 vincit
799 3299 967 3373 mondum,
983 3298 1061 3375 tides
1108 3298 1234 3361 verbnm
1248 3299 1324 3372 Dei,
1349 3297 1437 3360 tidem
1462 3319 1497 3359 ac
1521 3297 1660 3359 fiduciam
1677 3300 1706 3359 in
1723 3294 1805 3357 (lhri-

358 3393 493 3459 murra,
520 3385 598 3445 infra
620 3405 684 3466 cop.
701 3385 729 3445 5.
763 3384 896 3446 Maxime
919 3404 991 3444 vero
1008 3405 1060 3463 per
1110 3394 1196 3459 stum,
1213 3384 1403 3447 dilectionem
1419 3384 1597 3460 fraternam
1618 3403 1806 3463 summopere

359 3473 454 3534 iidem
469 3474 631 3533 vincuntur
645 3472 802 3546 haeretici,
822 3470 893 3531 dum
908 3471 1061 3551 perplexis
1108 3491 1179 3532 vero
1203 3481 1343 3546 caveant,
1366 3492 1405 3532 ne
1425 3491 1495 3533 suas
1517 3470 1648 3553 prodent
1664 3471 1805 3551 eoncupi-

360 3579 467 3621 eorom
482 3558 647 3620 rstionihus
663 3570 695 3619 et
710 3558 893 3638 ergumentis
908 3557 978 3619 fidei
994 3559 1059 3618 sim·
1108 3559 1248 3619 scentias.
1282 3558 1341 3620 Sed
1365 3560 1454 3636 loqui
1476 3558 1615 3621 dicuntur
1637 3576 1654 3618 c
1673 3557 1805 3632 mondo,

359 3647 484 3728 plicites
504 3646 671 3727 opponitur.
710 3644 800 3725 Quae
821 3644 897 3705 ratio
919 3643 1062 3705 vincendi
1109 3647 1180 3725 qnia
1198 3645 1306 3706 falsam
1333 3645 1499 3707 doctrinam
1530 3643 1697 3725 proterunt,
1727 3662 1807 3724 quae

359 3734 531 3796 haereticos
560 3732 697 3793 omnihus
734 3730 875 3792 fidelihus
909 3739 954 3791 cst
982 3751 1060 3793 oom-
1108 3753 1169 3793 non
1185 3740 1232 3792 est
1247 3751 1286 3792 ex
1297 3733 1373 3806 Deo,
1388 3731 1442 3794 sed
1458 3729 1804 3803 exmundoetdiebolo,

358 3821 473 3883 monis.
1109 3820 1245 3900 principe
1266 3819 1367 3881 mnndi
1391 3828 1422 3880 et
1443 3828 1528 3898 patre
1543 3816 1709 3891 mendacii3
1734 3818 1803 3877 sive

407 3907 568 3986 Quoniam
584 3908 764 3983 mojorrst,
780 3907 886 3982 quiin
901 3903 1057 3977 vohitctt,
1110 3924 1145 3964 ea
1167 3904 1302 3966 doctrina
1323 3904 1445 3984 probet,
1472 3926 1552 3987 quae
1574 3905 1713 3966 sensibus
1735 3911 1807 3965 sunt

358 4012 462 4073 qoam
479 3991 586 4070 quiin
608 3991 740 4052 mundo.
776 3992 942 4052 Victoriam
969 3989 1060 4051 refert
1105 3990 1259 4070 jucunde,
1283 3990 1453 4073 cujusmodi
1479 3991 1544 4053 fere
1569 3992 1712 4072 dogmata
1738 3998 1808 4053 sunt

359 4080 401 4141 ed
420 4098 507 4139 soum
522 4087 675 4140 auctorem
687 4078 793 4151 Deum,
809 4076 1061 4159 quemadmodum
1108 4079 1326 4140 hoereticorum
1341 4081 1436 4140 nostri
1459 4080 1617 4160 temporis,
1644 4078 1709 4139 sive
1727 4096 1808 4159 ques

359 4176 395 4229 et
416 4166 532 4226 Paulus
558 4164 743 4226 lOor.·15.·:
766 4167 835 4228 Deo
858 4167 991 4241 oratioe,
1017 4164 1060 4225 in·
1110 4164 1303 4227 delectetioni
1311 4184 1451 4227 sensnum
1460 4167 1609 4227 contrarie
1617 4165 1685 4239 sint,
1698 4164 1807 4245 quales

358 4256 444 4336 quit,
460 4256 516 4331 poi
530 4253 618 4313 dedit
632 4252 723 4313 nohis
737 4255 905 4314 victoriam
916 4269 977 4329 per
991 4251 1061 4312 Do·
1109 4252 1250 4314 haereses
1265 4255 1386 4315 luerunt
1408 4254 1593 4335 quorundum
1609 4253 1808 4333 antiquorum,

358 4344 490 4402 minum
505 4347 647 4402 nostrum
663 4343 775 4404 Jesom
793 4340 959 4401 Christum.
990 4338 1060 4399 Sen-
1109 4346 1144 4398 ut
1157 4340 1392 4416 prohibentium
1415 4340 1551 4415 cohme,
1579 4339 1807 4401 &dicentium

357 4446 432 4490 sus:
454 4426 554 4501 Deus,
578 4426 681 4507 quiin
696 4425 784 4488 vobis
799 4425 931 4498 habitat,
953 4443 1062 4503 regens
1110 4444 1131 4485 o
1154 4426 1246 4502 dhis,
1269 4445 1347 4505 quoe
1369 4429 1456 4489 Dcoe
1477 4429 1614 4501 creavit,
1640 4426 1810 4499 1'1'im.4.,

358 4533 422 4575 vos
444 4522 535 4595 atque
557 4530 755 4585 conservans,
782 4513 932 4590 potentior
955 4519 1000 4572 est
1022 4509 1061 4571 ad
1110 4520 1141 4573 et
1152 4512 1279 4575 aliorum
1290 4514 1439 4577 similium.
1455 4513 1535 4575 Nem
1547 4522 1580 4574 et
1590 4512 1678 4591 hujus
1689 4512 1810 4591 generis

359 4598 602 4663 confirmandum
624 4618 680 4659 ros
705 4600 736 4661 iu
764 4598 825 4660 fide
848 4608 876 4659 et
906 4605 1060 4678 protegen·
1110 4598 1264 4662 doctrinae
1290 4601 1439 4661 emundo
1462 4609 1539 4661 sont.
1581 4598 1672 4661 Unde
1694 4597 1809 4660 Paulus

359 4689 435 4750 dum
465 4685 612 4748 adversus
640 4684 764 4747 hostiles
801 4683 942 4757 insidias,
973 4704 1060 4765 quam
1110 4685 1221 4748 ibidem
1229 4696 1376 4749 vocateos
1385 4686 1809 4749 doetrinotdocmoniorum.

361 4773 514 4847 dioboles,
525 4774 634 4853 impios
646 4771 823 4844 inhabitans,
836 4771 1060 4851 adimpugnen·
1155 4774 1197 4836 st
1211 4775 1352 4836 moedus
1366 4793 1418 4835 cor
1431 4774 1533 4835 audit
1567 4773 1628 4834 Hic
1643 4770 1811 4855 repetendo

360 4858 788 4939 dumvosatqnelsllendnm.
812 4858 1064 4938 Haecpotissima
1111 4868 1158 4921 est
1171 4861 1325 4923 rationalis
1340 4860 1505 4942 particula:
1529 4867 1559 4922 ct
1582 4860 1654 4921 idco
1670 4860 1811 4922 mondus
1878 4904 1883 4913 -

360 4947 497 5011 fidelium
510 4948 632 5009 inomni
644 4947 809 5008 tentatione
823 4946 989 5006 consolatio
1006 4956 1063 5020 est,
1110 4965 1162 5009 cor
1176 4948 1277 5009 acolt.
1301 4948 1421 5029 Nempe
1432 4948 1575 5029 quoniam
1586 4946 1631 5008 illi
1646 4966 1685 5008 ex
1696 4946 1808 5008 mundo

361 5037 466 5100 mum
489 5033 604 5098 habore
636 5041 780 5097 rectorem
802 5041 833 5096 et
853 5039 1061 5116 protectorem
1108 5034 1283 5118 loquuntur.
1316 5035 1375 5098 llst
1389 5036 1469 5099 enim
1491 5032 1606 5118 duplex
1621 5032 1735 5097 illatio:
1760 5032 1809 5096 De
