4442 5825
818 631 983 686 merome
1000 631 1040 687 AD
1059 627 1225 685 mmet.
1257 629 1341 685 mus.
1359 631 1384 684 0.
1403 630 1442 684 10.
1733 639 1806 708 179

356 826 454 884 uper
468 825 534 868 voe
558 807 626 869 Nee
640 807 786 870 dierimile
800 807 933 868 ertillud
947 808 1058 869 Peelm.
1109 807 1171 867 liur
1194 828 1273 869 nuno
1292 816 1414 888 eooepto
1438 807 1556 870 domum
1574 807 1658 871 Jude
1674 829 1805 890 eompre-

358 897 401 955 9.:
418 897 573 956 Omnium
587 898 791 956 inimieorum
807 912 938 955 tuorum
954 896 1058 955 domi·
1110 894 1273 969 benderet,
1309 915 1349 955 ue
1378 898 1446 975 quie
1475 898 1652 975 mysterium
1681 897 1808 958 eubesee

356 982 509 1056 nubitur,
535 995 567 1042 et
583 981 693 1042 Peelm.
714 985 800 1043 toti:
828 985 1007 1072 Dopu'uore
1022 986 1058 1043 in
1111 990 1214 1061 putet,
1244 981 1324 1062 quod
1350 984 1399 1042 hio
1425 981 1531 1043 domne
1553 983 1637 1044 Juoa
1662 992 1807 1044 tenentur.

357 1070 464 1129 medio
476 1071 682 1130 inimieorum
697 1078 837 1130 tuorum
1111 1067 1203 1149 Quod
1219 1068 1319 1129 addit:
1343 1076 1415 1145 port
1430 1069 1496 1129 dice
1519 1071 1608 1144 illoe,
1631 1090 1690 1130 non
1713 1069 1809 1150 liquet

401 1156 511 1216 Tertio
541 1158 707 1235 expositio,
748 1159 826 1217 eiout
855 1166 887 1216 et
915 1155 1058 1230 necunde,
1111 1157 1151 1216 de
1166 1156 1276 1234 quibus
1291 1155 1405 1228 diebus,
1429 1155 1458 1215 id
1475 1166 1530 1229 eet,
1545 1156 1585 1217 de
1600 1176 1659 1237 qno
1675 1166 1809 1238 tempore

357 1243 503 1302 eonciliet
516 1242 699 1303 Hebreioem
721 1244 878 1304 lectionem
901 1260 967 1302 oum
991 1262 1055 1302 ver·
1111 1242 1266 1321 Propheta
1281 1242 1427 1322 loquetur.
1464 1243 1542 1303 Nem
1565 1241 1646 1324 quod
1662 1241 1807 1304 Oeenme·

357 1332 444 1390 eione
460 1329 561 1389 Lxx„
588 1330 681 1389 Porro
697 1329 864 1400 oriendum,
887 1331 917 1389 in
932 1330 1056 1389 nonnul·
1110 1330 1178 1388 niue
1194 1338 1224 1386 et
1239 1329 1269 1389 S.
1285 1330 1419 1389 Thomu
1437 1329 1612 1410 intelligunt
1626 1341 1741 1410 tempue
1756 1329 1802 1389 de·

357 1418 393 1476 lie
405 1415 1055 1496 GreeeierodieibnreditionieLXX.epnd
1111 1424 1161 1474 tee
1186 1413 1264 1494 logie
1287 1417 1454 1488 Moerim,
1477 1416 1597 1497 dequo
1622 1416 1712 1496 paulo
1737 1424 1809 1476 ente

356 1502 727 1563 Jeremiemnonheberi:
743 1494 897 1581 ἠμέλησα,
914 1504 1057 1580 neptem
1111 1501 1224 1561 dietum
1253 1514 1313 1561 eet:
1346 1505 1387 1564 Iu
1417 1503 1487 1578 die,
1519 1521 1584 1581 quo
1610 1501 1809 1580 apprehendi

357 1591 412 1649 eorl
436 1591 505 1668 ejno
520 1592 678 1669 oompooiti
699 1591 822 1650 verbnm
843 1590 987 1668 simplex,
1014 1589 1057 1649 id·
1110 1606 1247 1649 monum
1262 1607 1370 1649 eorum
1387 1599 1456 1663 ete,
1475 1610 1536 1650 non
1551 1591 1695 1670 oongruit
1730 1588 1809 1649 Cum

357 1696 421 1755 que
443 1682 613 1736 contrariae
637 1678 885 1756 significationis:
908 1667 1074 1753 ipelpoe,
1110 1676 1188 1734 enim
1219 1676 1273 1735 ille
1303 1676 1450 1756 legislatio
1484 1686 1621 1758 tempore
1653 1677 1809 1739 Jeremiee

357 1767 483 1823 curavi.
520 1763 609 1842 Quee
631 1767 657 1823 ei
680 1783 753 1824 vero
775 1767 813 1824 rit
828 1764 933 1835 leetio,
960 1762 1057 1822 iecilie
1109 1762 1214 1821 multie
1230 1763 1359 1822 ereonlie
1374 1768 1585 1843 praecesserit,
1610 1762 1741 1837 frustra,
1771 1780 1809 1823 ne

358 1853 416 1910 erit
439 1850 613 1910 conciliatio
635 1853 804 1930 praesentio
827 1851 885 1910 looi
907 1869 973 1908 oum
996 1849 1056 1908 He·
1110 1847 1209 1908 dioem
1221 1852 1336 1929 inepte,
1350 1850 1500 1910 Jeremiee
1512 1852 1703 1912 annuntiaret
1717 1850 1808 1913 olium

357 1939 459 1996 breioo
475 1946 558 1999 texto
570 1940 661 2015 juxte
683 1940 807 2016 primum
825 1938 1057 2015 expositionem,
1110 1936 1207 2014 legem
1219 1936 1347 1996 dnndem
1360 1949 1428 2016 poet
1439 1937 1512 1998 illud
1527 1948 1661 2017 tempium
1677 1937 1809 1998 oumnti·

357 2043 449 2104 qnem
465 2023 612 2084 dedimur.
648 2025 708 2084 Sed
724 2044 781 2103 ego
797 2043 900 2082 rerem
914 2041 982 2084 eene
996 2044 1058 2083 non
1109 2023 1435 2102 quejamnonpoeeet
1451 2025 1809 2104 nisipoetilludtemput

356 2112 501 2186 mbitror3
535 2120 596 2171 tom
626 2113 701 2191 quie
727 2113 879 2172 veteribur
907 2112 1058 2189 incognite
1110 2110 1182 2169 deri.
1221 2109 1325 2188 Quare
1346 2111 1595 2192 Theophyleotue
1620 2111 1737 2173 mevult
1762 2112 1807 2171 in·

357 2208 421 2270 eet,
456 2207 520 2256 tum
544 2202 616 2278 quie
648 2197 723 2258 nulli
749 2201 867 2259 eodioee
895 2197 984 2274 hujus
1017 2196 1058 2257 ed
1110 2197 1208 2276 telligi
1223 2198 1414 2276 prophetiam
1430 2199 1470 2259 de
1485 2199 1543 2260 illie
1559 2198 1673 2274 diebus,
1689 2199 1728 2260 de
1742 2201 1808 2279 qni·

358 2285 518 2345 Hebraeos
544 2284 700 2365 Epistolee
725 2287 754 2345 ei
776 2287 993 2364 suffragentur,
1019 2301 1057 2343 ne
1109 2284 1167 2344 bue
1198 2292 1267 2343 ente
1291 2283 1426 2345 dixerit:
1457 2287 1536 2346 Eeee
1565 2286 1632 2347 dieo
1663 2290 1808 2362 veniunt,

358 2372 482 2450 quiden
504 2376 606 2434 versio
621 2374 764 2452 Syrisce,
788 2393 866 2453 quae
882 2372 934 2432 eie
950 2371 1057 2430 bubetz
1110 2372 1197 2449 qneei
1220 2390 1300 2430 nono
1314 2371 1423 2431 nient:
1450 2374 1551 2452 Quum
1578 2375 1717 2434 venerint
1741 2373 1807 2435 diet

357 2462 400 2520 Et
424 2477 481 2535 epo
504 2455 611 2536 eprevi
633 2478 705 2536 eoe,·
733 2475 794 2520 tum
811 2461 960 2539 denique,
987 2459 1058 2536 quir
1110 2458 1170 2530 illi,
1196 2467 1267 2517 tuno
1281 2455 1386 2517 seriem
1409 2458 1578 2538 hujuemodi
1593 2459 1709 2521 foedus.
1746 2462 1806 2522 Ve-

356 2549 490 2606 eorirtue
512 2546 565 2606 ille
580 2546 729 2608 Grreone:
756 2539 909 2623 ἐμίλησα,
936 2564 990 2625 pro
1013 2563 1057 2616 eo,
1109 2562 1173 2604 rum
1196 2541 1229 2603 id
1251 2564 1308 2604 non
1333 2555 1395 2616 eet,
1415 2554 1623 2607 testamentum
1645 2547 1712 2608 deri
1736 2544 1808 2628 poet

357 2635 440 2714 qnod
457 2642 518 2693 eet:
539 2638 654 2694 curavi
669 2643 723 2696 aut
738 2652 848 2693 euram
863 2633 979 2705 hebrei,
1006 2632 1058 2691 vix
1109 2631 1177 2691 illoe
1193 2630 1271 2704 dies,
1287 2631 1342 2692 red
1357 2632 1416 2693 illie
1431 2633 1507 2712 ipris
1521 2633 1643 2712 diebue3
1665 2635 1727 2696 niei‘
1738 2637 1806 2715 quir

355 2738 445 2781 neum
470 2719 563 2780 hebet
586 2719 666 2800 epod
693 2723 866 2799 oeriptoree.
901 2717 989 2799 Quod
1013 2735 1057 2777 ee·
1110 2718 1197 2788 niort,
1213 2737 1279 2779 eree
1294 2718 1424 2798 pbrreim
1440 2719 1632 2800 Soriptnroe:
1648 2728 1722 2799 poet
1736 2723 1808 2784 tuor

356 2811 478 2888 quitur:
501 2807 579 2867 dieu
594 2809 771 2880 Domiuur,
788 2805 915 2884 adjectio
931 2815 976 2865 eet
992 2824 1057 2883 pro·
1110 2806 1185 2878 dier,
1198 2804 1257 2864 hoo
1264 2815 1475 2888 ertpoitquem
1484 2807 1528 2867 illi
1535 2807 1601 2868 dieo
1612 2807 1806 2889 adveneriutp

355 2895 493 2974 phetire,
517 2914 578 2974 qne
600 2893 740 2955 claudere
756 2904 790 2954 et
813 2893 986 2954 confirmare
1010 2911 1056 2951 eo·
1110 2891 1293 2954 advenerint
1322 2902 1437 2967 eutem,
1465 2895 1585 2974 quondo
1613 2895 1729 2958 illorum
1752 2896 1808 2957 ini·

356 2984 420 3042 lent
434 2980 529 3042 verbe
543 3002 584 3042 ex
602 3000 730 3061 persone
745 2982 867 3041 Domini
882 2999 1056 3040 commemo·
1110 2981 1183 3037 tium
1200 2997 1269 3040 eme
1285 2983 1427 3060 eoeperit
1457 2982 1528 3056 liet,
1551 2984 1603 3064 qni
1619 2994 1718 3064 putet,
1733 2993 1806 3044 tem·

357 3078 433 3130 mu,
1110 3084 1166 3146 pne
1181 3065 1349 3145 designari,
1366 3088 1425 3148 qno
1437 3070 1519 3129 vixit
1532 3069 1700 3149 Prophete3
1716 3071 1807 3151 queei

405 3158 455 3216 10.
479 3157 564 3234 Quoia
579 3156 637 3215 hoo
652 3163 695 3215 ert
709 3162 948 3227 testamentum,
971 3151 1057 3229 quod
1110 3154 1208 3213 dicet:
1220 3156 1352 3230 portior
1360 3200 1370 3230 ,
1386 3157 1542 3233 danoepe.
1570 3156 1632 3219 sod
1647 3157 1746 3218 obelet
1760 3157 1807 3218 rie

357 3244 530 3320 disponam
553 3242 664 3302 domui
677 3244 783 3303 Irroe'l
802 3250 872 3319 poet
895 3241 960 3300 dieo
974 3240 1055 3313 illei,
1109 3242 1293 3320 pronominii
1331 3242 1569 3304 demonstrativi.
1619 3245 1688 3306 Non
1726 3244 1807 3303 enim

356 3331 436 3390 dicit
451 3332 619 3391 Dominus.
642 3331 787 3407 Exponit,
807 3329 896 3409 quale
912 3330 958 3397 eit,
974 3325 1055 3406 quod
1110 3327 1198 3387 dicit:
1220 3329 1295 3387 Poet
1308 3330 1364 3389 lior
1375 3329 1456 3403 dieo,
1473 3328 1543 3389 red:
1555 3338 1628 3406 port
1641 3332 1708 3392 dier
1722 3331 1806 3405 tuor,

356 3418 506 3496 promittit
520 3435 632 3476 novum
647 3425 868 3477 testamentum.
902 3414 1054 3490 Hierony·
1112 3414 1197 3473 nteit
1215 3432 1353 3487 uerene,
1375 3423 1520 3475 remotum
1544 3415 1664 3496 aliquod
1687 3426 1806 3496 tempu·
1901 3463 1905 3470 .

356 3524 423 3563 mne
445 3523 485 3563 er
508 3501 650 3562 Hebraeo
673 3506 717 3562 eie
743 3505 969 3583 interpretetur:
995 3501 1056 3562 Sed
1110 3500 1247 3579 intelligi.

355 3593 413 3649 too
444 3594 506 3649 erit
532 3597 682 3665 paetum,
723 3592 810 3666 qood
836 3591 953 3667 feriam
984 3605 1054 3647 erem
1152 3586 1240 3647 Alius
1255 3587 1377 3669 quidem
1401 3588 1707 3665 virdomarium,
1731 3592 1804 3652 Pro·

357 3679 453 3737 domo
468 3676 574 3736 Irroe'l
588 3686 645 3735 eto.
674 3675 735 3736 Ubi
750 3676 932 3737 Hebreieum
948 3681 1003 3752 ⁹2,
1025 3670 1055 3732 id
1109 3674 1234 3753 phetam
1258 3677 1410 3753 respicere
1433 3674 1471 3734 ed
1492 3684 1626 3756 tempus,
1649 3697 1711 3758 qno
1727 3678 1805 3739 intu-

357 3777 403 3825 οη
417 3767 515 3842 quio,
541 3765 632 3822 vertit
651 3765 682 3822 in
697 3765 760 3823 red.
794 3763 885 3843 Quod
901 3769 931 3820 et
945 3761 1055 3840 Pagri-
1109 3763 1242 3832 tumuit,
1268 3761 1349 3840 quod
1372 3763 1489 3822 dixerut
1504 3764 1668 3826 Dominne:
1691 3768 1735 3827 Et
1749 3783 1805 3841 epo

357 3870 413 3912 nne
427 3850 512 3911 iecit
536 3850 727 3929 Quemquam
742 3850 799 3909 hoo
814 3852 895 3920 looo,
913 3845 1055 3929 quomed-
1109 3850 1235 3924 nepleaei
1250 3867 1318 3924 σοις
1335 3848 1427 3909 idest
1443 3849 1482 3909 ed
1497 3859 1617 3929 tempus
1632 3853 1806 3931 rejectioni·

357 3938 478 3998 modum
511 3948 543 3997 et
571 3935 644 3997 olibi
671 3938 925 4014 frequentissime,
956 3936 1056 4014 potine
1110 3936 1215 4014 populi
1228 3935 1360 3995 Judeiei.
1399 3936 1448 3995 De
1463 3935 1519 3996 buo
1534 3939 1614 3997 enim
1630 3941 1726 4019 eoeipi
1741 3939 1806 4001 vult

356 4044 426 4086 eeee
442 4023 587 4084 videntur
601 4025 750 4103 porticulo
764 4022 949 4093 redundent,
977 4038 1056 4100 quoe
1109 4021 1160 4082 ille
1177 4021 1347 4099 Prophetae
1363 4022 1464 4082 verbu.
1494 4024 1625 4085 Proinde
1639 4024 1806 4087 eeoundnm

356 4113 404 4172 vel
429 4114 551 4171 ornatui
574 4113 717 4170 sermonis
738 4112 850 4169 serviat
867 4108 916 4167 vel
932 4126 1054 4168 eonsue-
1108 4126 1177 4167 eum
1199 4126 1305 4168 rousue
1328 4118 1389 4168 eet:
1411 4110 1577 4191 Poetquem
1595 4111 1731 4174 Judeeoe
1754 4113 1805 4175 eb·

357 4197 455 4258 tntlini
473 4197 604 4277 linguae.
638 4196 726 4256 Unde
748 4206 779 4255 et
793 4197 887 4274 Syme
912 4198 1055 4273 interpres
1105 4196 1209 4273 jecero
1226 4203 1345 4275 propter
1360 4214 1443 4255 ouem
1456 4197 1709 4275 incredulitatem,
1726 4200 1805 4263 dabo

357 4287 400 4345 ite
412 4286 525 4345 vertit:
552 4286 621 4344 Hoe
635 4292 741 4343 ouum
760 4291 803 4342 eet
815 4284 944 4360 sordue,
970 4280 1056 4357 quod
1109 4301 1218 4341 novem
1235 4281 1332 4360 legem
1355 4282 1425 4343 filiii
1440 4283 1552 4359 lereti,
1579 4287 1609 4347 id
1633 4296 1680 4349 eet
1701 4288 1806 4350 electio

357 4382 411 4433 ete
435 4372 498 4431 Pro
514 4370 632 4431 Greeoo
647 4370 757 4430 verbo:
773 4362 973 4447 trallionium,
991 4368 1056 4428 die-
1108 4387 1147 4428 ex
1159 4368 1306 4446 gentibue.
1331 4370 1392 4430 Sed
1404 4379 1434 4429 et
1444 4371 1493 4431 bie
1505 4377 1734 4435 oommeuteriue
1745 4395 1806 4435 non

355 4477 479 4536 ponam
487 4502 498 4533 ,
514 4458 592 4517 vorti
607 4465 740 4536 poterat:
757 4457 902 4530 testabor,
919 4465 953 4514 ut
964 4474 1053 4533 egnu-
1109 4473 1171 4513 une
1185 4464 1272 4533 parte
1287 4456 1413 4517 loborat.
1442 4456 1572 4520 Primum
1588 4480 1648 4522 non
1663 4461 1746 4522 luere
1761 4459 1804 4519 di·

357 4548 398 4606 tio
420 4554 597 4605 nommetur
624 4546 701 4604 inter
723 4543 845 4603 verbale
868 4552 898 4603 et
922 4542 1056 4613 verbnm,
1109 4560 1196 4601 verro
1217 4549 1352 4620 tempore
1373 4544 1546 4621 rejectionir
1565 4548 1589 4608 J
1591 4547 1752 4607 rideoorum
1774 4551 1806 4606 et

357 4653 436 4713 quoe
462 4632 647 4711 oonepioitur
666 4633 696 4690 iu
722 4628 850 4690 Graeco.
887 4631 989 4709 Atque
1015 4631 1058 4687 ite
1108 4629 1277 4688 vocationis
1298 4631 1448 4707 gentium,
1469 4634 1522 4694 ubi
1542 4635 1641 4694 looum
1664 4632 1804 4693 heberet:

358 4718 542 4781 vertitinfre
562 4720 710 4797 oep.10.,
735 4716 786 4779 ubi
806 4718 881 4777 hreo
900 4716 1056 4793 Scriptura
1106 4722 1180 4790 port
1195 4715 1260 4773 dier
1274 4715 1364 4793 illoe5
1388 4714 1441 4776 sed
1458 4718 1565 4780 eodem
1589 4729 1723 4799 tempore
1737 4738 1803 4780 eoe-

359 4808 513 4887 repetitur.
740 4836 742 4841 ·
1109 4802 1155 4881 pit
1183 4810 1343 4881 utrumque
1372 4802 1453 4878 fieri3
1484 4804 1736 4883 quomadmodum
1765 4825 1805 4869 ex

399 4892 494 4973 Quod
519 4900 620 4951 entem
647 4892 695 4950 hie
722 4889 816 4951 eolem
842 4891 979 4949 nominat
1004 4887 1055 4947 do·
1107 4889 1194 4948 Aetio
1208 4888 1393 4965 Apostolieie
1408 4888 1519 4949 olerum
1535 4899 1588 4949 eet
1611 4890 1737 4952 ‘Deinde
1751 4914 1803 4955 no·

360 5000 438 5041 mum
454 4979 563 5052 lornei,
589 4979 746 5038 brevitatis
768 4994 859 5035 oenoe
881 4976 993 5036 foetum
1009 4982 1057 5033 eet
1109 4994 1180 5031 vum
1196 4974 1252 5034 hoo
1274 4982 1485 5035 tentamentum
1507 4976 1688 5054 promittitur
1705 4979 1805 5040 eidem

358 5066 562 5147 eProplreto,
584 5074 618 5125 rt
639 5065 773 5126 rnb'lroe
793 5063 919 5123 nomine.
931 5080 1054 5141 genere·
1108 5059 1238 5140 populo,
1264 5062 1313 5120 oui
1335 5060 1438 5122 domm
1458 5068 1525 5121 eret
1543 5069 1648 5137 vetum
1675 5063 1708 5125 id
1722 5063 1805 5146 quoi

968 5161 970 5165 ’
1063 5195 1066 5200 ·
1528 5161 1597 5229 12*
