4442 5825
744 624 1158 681 namuelitarum.
1193 625 1277 680 teas
1295 627 1413 682 ts-u.
1706 631 1780 703 565

359 808 404 861 rnt
425 810 673 865 commentatores
699 801 799 876 Beda,
822 799 1030 874 Oscnmenins‚
1082 803 1216 883 scripsitr
1250 804 1337 862 eritis
1344 847 1353 876 ,
1391 802 1460 863 alii:
1498 807 1577 864 eatis.
1631 803 1781 883 Quoniam

359 887 514 966 ¹ejotanae,
529 888 719 969 Gaignaens,
741 888 897 949 Hessslius
914 897 944 949 et
959 889 1029 962 alii3
1083 889 1192 968 probra
1222 897 1254 949 at
1283 890 1430 961 convitia,
1472 891 1512 950 de
1541 890 1651 971 quibus
1687 910 1781 971 snpra

359 992 437 1035 rrum
458 976 549 1035 edam
573 976 678 1036 volunt
701 977 731 1036 in
755 976 818 1035 suis
837 975 1029 1035 citationibus
1083 974 1178 1052 dixit3
1204 975 1472 1053 blasphemantes,
1500 977 1566 1056 pins
1589 996 1681 1056 saepe
1703 997 1781 1038 eom·

359 1061 491 1141 aiptorss
511 1070 582 1123 ants
603 1063 692 1137 dieti,
716 1061 944 1135 Ter-tullianus,
968 1061 1029 1142 cy·
1082 1072 1206 1122 movent
1221 1064 1335 1123 animos
1359 1063 1514 1135 honestos,
1538 1083 1628 1143 quam
1651 1061 1782 1143 direptio

359 1148 473 1218 danus,
489 1148 695 1229 Hieronymus
709 1157 740 1209 et
754 1148 942 1227 Fuigentius.
966 1149 1026 1208 De·
1082 1149 1303 1228 possessionum
1320 1159 1372 1209 ant
1396 1151 1546 1211 eruciatus
1561 1151 1713 1229 eorporis:
1737 1148 1780 1210 id·

359 1233 422 1314 iqua
435 1233 502 1294 vult
516 1236 625 1309 etiam,
641 1234 724 1316 qnod
740 1238 888 1315 seqnitur:
1083 1237 1161 1296 aimo
1178 1244 1206 1295 st
1222 1235 1292 1294 huie
1307 1237 1388 1297 maio
1401 1236 1637 1298 consolationem
1649 1235 1781 1297 adhibet.

378 1321 425 1381 rs.
447 1321 510 1382 Sed
531 1325 801 1384 eommunioantes
818 1322 934 1383 Christi
953 1341 1029 1398 paa-
1082 1322 1130 1394 Si,
1145 1323 1253 1401 inquit,
1269 1322 1437 1383 maledictis
1453 1331 1482 1383 et
1496 1324 1613 1402 probriu
1629 1323 1780 1384 afficimini

359 1407 486 1480 unibus,
502 1409 644 1483 paudete.
683 1408 814 1470 Graece:
842 1409 903 1470 Sed
917 1428 1028 1470 seeun-
1082 1418 1204 1488 propter
1220 1428 1327 1469 nomen
1343 1408 1470 1482 Christi,
1498 1407 1527 1468 id
1550 1419 1598 1471 est
1620 1429 1657 1469 ea
1680 1429 1781 1481 musa,

359 1512 409 1553 ιιιιι
437 1495 523 1571 quod
553 1491 634 1572 (veh
664 1499 700 1556 in
729 1502 903 1572 quantum,
935 1490 1029 1570 καθὸ)
1084 1497 1155 1573 qnia
1172 1493 1285 1554 Christi
1301 1515 1409 1556 nomen
1424 1497 1619 1576 profitemini,
1642 1496 1782 1576 autquis

359 1584 574 1642 ommuniootis
589 1583 704 1644 Christi
713 1582 932 1658 passionibus,
948 1600 1029 1658 pau·
1083 1582 1247 1643 Christiani
1285 1584 1373 1654 estis,
1400 1592 1434 1642 ut
1456 1581 1535 1643 inira
1551 1583 1697 1663 loquitur:
1725 1601 1780 1662 pro

359 1673 410 1726 ete.
444 1666 481 1727 Id
498 1677 559 1727 sat:
584 1667 665 1747 Quin
681 1671 782 1749 potins
798 1669 944 1747 cogitate,
968 1690 1027 1728 ma·
1083 1668 1227 1747 ejusmodi
1245 1669 1359 1746 probris
1381 1669 1543 1730 coelestem
1564 1669 1781 1729 beatitudinem

359 1755 441 1814 snam
461 1753 564 1833 gandii
589 1755 673 1815 robis
693 1756 824 1816 oblatam
847 1773 915 1815 esse
929 1776 968 1817 ex
985 1775 1028 1828 eo,
1084 1756 1247 1836 recipietis.
1290 1755 1348 1815 Vel
1378 1757 1495 1834 potins:
1526 1756 1609 1817 beati
1640 1759 1711 1817 ertia
1740 1754 1780 1815 ob

359 1837 415 1900 nod
427 1859 546 1901 ornnem
557 1841 681 1902 ferendo
694 1849 848 1902 consortes
860 1842 1028 1903 efficiamini
1082 1862 1166 1921 spem
1183 1843 1376 1902 certissimam
1391 1842 1538 1903 maroedis
1550 1845 1581 1905 in
1597 1842 1682 1902 sosio
1694 1842 1780 1903 vobis

359 1928 431 1988 meis
446 1936 478 1987 st
488 1931 661 2006 passionum
674 1928 793 2002 Christi,
806 1931 913 2008 eapitis
925 1932 1028 2001 vestri,
1083 1931 1245 2009 repositae.
1290 1927 1417 1989 Videtur
1447 1932 1526 1990 enim
1558 1931 1710 2010 respicere
1740 1927 1779 1988 sd

359 2015 464 2074 riaetis
476 2015 720 2095 perbaptismum
731 2016 920 2096 incorporati.
944 2017 1029 2076 Haeo
1082 2015 1174 2088 illud,
1190 2014 1271 2095 qnod
1287 2034 1325 2075 ex
1340 2036 1392 2076 ors
1407 2017 1544 2094 magistri
1562 2017 1609 2076 sui
1625 2014 1780 2077 audierat:

359 2101 412 2161 nim
427 2120 478 2161 res
500 2123 560 2162 nou
582 2102 676 2162 solnm
700 2102 949 2175 consolationem,
976 2102 1028 2162 sed
1081 2104 1176 2164 Beati
1205 2105 1292 2177 estis,
1331 2122 1404 2163 eum
1436 2103 1664 2164 maledixerint
1694 2102 1781 2163 valtis

359 2206 364 2247 ι
373 2186 521 2267 gaudium
538 2207 642 2268 parere
665 2189 750 2250 vobis
765 2188 870 2265 debat3
899 2191 1029 2250 maxime
1082 2186 1227 2266 (Graecos
1244 2180 1442 2264 ὀνειδίσωσιν,
1456 2189 1535 2249 idem
1550 2189 1682 2262 verbnm,
1698 2186 1780 2268 quod

359 2280 452 2347 tenter
467 2273 514 2348 id,
531 2273 613 2355 qnod
628 2279 779 2355 seqnitur:
1081 2276 1139 2336 hoe
1153 2276 1235 2346 loeo,
1250 2275 1281 2335 id
1297 2285 1343 2335 est
1359 2276 1643 2352 exprobraverint,
1658 2276 1780 2352 probra

377 2362 420 2423 Ut
433 2369 464 2422 et
478 2364 515 2422 in
526 2362 721 2423 revelatione
734 2363 857 2439 pieriae
870 2367 936 2437 aas
946 2380 1027 2438 pau·
1077 2365 1211 2437 Jeeerint
1225 2366 1261 2424 in
1277 2359 1343 2438 vos)
1359 2369 1389 2423 et
1400 2362 1541 2424 dixerint
1553 2381 1646 2424 omne
1657 2363 1779 2422 malum

359 2452 432 2509 satir
458 2449 657 2511 exsultantes.
695 2449 932 2511 Revelationem
959 2450 1028 2524 plo·
1081 2449 1249 2509 adversum
1268 2467 1331 2522 voa,
1347 2451 1542 2524 mentientes,
1561 2456 1695 2526 propter
1710 2467 1778 2525 me,-

359 2554 398 2596 ae
414 2536 532 2598 Christi
554 2535 695 2615 intelligit
720 2536 803 2596 iliam
825 2536 941 2616 gloriae
965 2537 1028 2614 ejus
1080 2536 1214 2612 paudete
1237 2543 1266 2596 et
1288 2537 1441 2598 exsultate
1448 2581 1458 2613 ,
1487 2538 1639 2615 quoniam
1662 2553 1779 2596 meroes

359 2620 619 2695 miimtationsm,
642 2640 719 2703 quas
742 2622 844 2684 lutura
860 2631 906 2684 est
922 2624 951 2682 in
968 2623 1028 2683 fine
1081 2630 1186 2683 vestra
1202 2626 1329 2698 sopiam
1344 2631 1388 2684 est
1402 2627 1438 2684 in
1453 2626 1546 2685 coelis
1554 2668 1563 2698 ,
1580 2621 1688 2684 Matth.
1705 2625 1734 2683 5.

359 2707 461 2782 seuit,
480 2710 612 2786 quando
630 2712 732 2770 veniet
747 2713 783 2770 in
797 2711 902 2785 pieria
919 2710 1028 2769 Patris
1125 2712 1302 2789 Quoniam,
1325 2712 1411 2787 qaod
1427 2717 1471 2771 est
1485 2712 1632 2784 lionoris,
1656 2710 1779 2785 pieriae

359 2798 465 2858 ioum
480 2798 603 2872 anpelis
624 2799 705 2870 auis,
729 2797 886 2859 mundum
897 2797 1027 2871 judiea-
1081 2804 1111 2857 et
1125 2799 1252 2857 virtutis
1269 2800 1345 2873 Dei,
1366 2805 1395 2858 et
1417 2801 1473 2875 qui
1488 2806 1532 2859 est
1546 2805 1613 2873 ejus
1627 2798 1776 2873 Spiritus,

359 2901 434 2959 rus,
459 2883 808 2947 retinentissimo.
833 2882 929 2964 Cujus
945 2903 1024 2946 reve·
1079 2902 1176 2961 asper
1201 2902 1254 2945 voa
1275 2888 1449 2962 requiescit.
1498 2885 1560 2946 Hie
1582 2884 1665 2946 loeus
1691 2883 1778 2944 varie

359 2973 448 3032 ionia
465 2973 552 3031 etiam
570 2990 660 3050 supra
682 2973 818 3032 meminit
833 2972 942 3032 Petrus
961 2991 1026 3051 esp.
1080 2972 1197 3051 legitur.
1222 2972 1370 3045 Primum,
1395 2971 1475 3052 quod
1491 2974 1522 3033 in
1537 2970 1717 3053 quibusdam
1733 2969 1774 3030 ls-

382 3059 515 3120 onitat
535 3060 625 3138 igitur
647 3058 687 3119 ad
709 3059 898 3138 patientiam,
921 3078 1026 3139 propo·
1079 3061 1159 3137 gitur
1181 3058 1326 3120 laturum:
1353 3064 1542 3136 requiescet,
1570 3060 1600 3120 in
1622 3058 1710 3119 nuliis
1732 3066 1779 3117 est

359 3161 386 3206 *a
400 3164 459 3227 sps
475 3146 606 3225 ingentis
629 3146 769 3225 praemii,
785 3144 866 3225 quod
882 3154 943 3219 est,
958 3166 1024 3225 par·
1079 3144 1224 3217 Graecis,
1256 3166 1337 3224 qnae
1367 3147 1411 3207 sio
1440 3146 1567 3207 habeut:
1605 3147 1776 3222 Quoniam,

359 3234 446 3313 ipsm
478 3251 543 3291 asse
572 3229 688 3311 gloriae
719 3229 831 3292 Christi
860 3231 1025 3310 aliquando
1078 3232 1164 3308 quod
1179 3238 1222 3293 est
1241 3233 1382 3308 pioriae,
1407 3238 1437 3292 et
1458 3234 1514 3309 qui
1535 3240 1580 3293 est
1594 3233 1658 3293 Dei
1671 3232 1777 3307 Spiri-

359 3316 583 3391 aniiestandse,
607 3327 638 3379 st
663 3317 702 3378 ds
730 3339 765 3379 sa
792 3320 1026 3398 participatione
1077 3325 1146 3392 tras,
1161 3337 1257 3394 super
1272 3338 1328 3380 vos
1342 3321 1528 3397 reqaserrte,·
1544 3318 1595 3380 vel
1611 3317 1777 3379 seeundum

359 3407 434 3467 stari
449 3404 564 3485 padio
578 3403 742 3481 ineffabili3
759 3404 839 3484 quod
855 3406 1025 3485 significare
1077 3406 1228 3486 quaedam
1242 3407 1442 3487 exemplaria:
1468 3408 1641 3484 requievit3
1656 3405 1776 3464 tametsi

359 3491 427 3556 »luit
441 3490 599 3553 addendo:
622 3493 820 3553 exsultantes.
858 3493 937 3552 Nam
953 3512 1023 3572 gau·
1077 3493 1163 3569 qnod
1179 3494 1270 3553 etiarn
1287 3496 1342 3571 qui
1356 3493 1432 3553 verti
1449 3503 1565 3572 potest,
1581 3500 1615 3551 nt
1628 3492 1775 3553 referatur

359 3599 429 3653 um,
460 3599 522 3659 quo
548 3598 628 3641 nane
656 3580 775 3639 interim
798 3578 957 3653 afficimur,
989 3577 1026 3638 de
1078 3577 1117 3639 ad
1133 3580 1297 3656 Spiritum.
1337 3579 1426 3641 Unda
1442 3579 1566 3660 qnidam
1586 3580 1629 3638 ita
1643 3578 1774 3638 breviter

359 3685 383 3729 io
407 3666 500 3728 dixit:
523 3666 800 3729 Communioantea
820 3666 935 3727 Christi
947 3684 1025 3742 pas·
1077 3665 1243 3726 transtulit:
1267 3669 1425 3746 Quoniam
1448 3668 1587 3744 Spiritus
1606 3668 1729 3741 pieriae
1744 3671 1774 3726 et

359 3754 483 3827 mrim,
499 3752 634 3829 paudete
641 3796 652 3826 ,
669 3753 794 3814 multum
806 3752 898 3814 habet
911 3751 1024 3813 doloris
1077 3755 1140 3813 Dei
1153 3771 1249 3830 super
1263 3772 1318 3814 vos
1334 3756 1469 3830 quiescit.
1493 3752 1640 3814 Nonnulli
1652 3771 1774 3831 qnoque

369 3841 515 3903 tristitiae
530 3841 719 3918 permixtum.
756 3838 838 3900 Illud
861 3858 933 3899 vero
952 3858 1022 3919 gan·
1078 3838 1188 3900 Graeci
1203 3839 1322 3901 oodioes
1336 3839 1466 3900 addunt:
1483 3830 1535 3899 καὶ
1553 3831 1727 3917 δυνάμεως,
1744 3846 1774 3899 et

359 3947 426 3999 um,
453 3924 537 4006 quod
560 3926 649 3987 nobis
671 3927 852 4005 promittitur
874 3928 904 3986 in
930 3946 1024 4006 regno
1079 3929 1212 3988 virtutis.
1236 3926 1373 3988 Graecae
1388 3925 1775 4007 lectionipropeaaearinnt

359 4015 456 4085 tristi,
494 4014 615 4093 quaudo
647 4014 764 4074 animos
795 4012 927 4093 periente
956 4032 1022 4073 eon·
1077 4015 1228 4094 quasdam
1240 4015 1448 4092 manuscripta
1459 4016 1579 4086 Latina,
1592 4014 1775 4093 paucissima

358 4103 464 4162 iissent
489 4102 521 4162 in
547 4119 620 4160 vero
642 4119 697 4160 suo
718 4100 811 4173 bano,
839 4119 946 4178 purum
969 4101 1025 4159 erit
1077 4108 1193 4176 tumen3
1224 4120 1349 4180 qnorum
1375 4100 1438 4160 alia
1462 4102 1582 4180 legunt:
1613 4102 1774 4180 Quoniam

359 4188 421 4248 nnis
440 4187 601 4259 tristitiae,
624 4184 755 4267 ideoque
778 4188 897 4248 nomina
919 4187 1024 4248 eerul·
1076 4186 1180 4261 ploria
1209 4189 1273 4248 Dei
1302 4189 1440 4263 Spiritus
1448 4210 1460 4264 ;
1496 4187 1576 4247 alia:
1615 4190 1774 4269 Quoniam

359 4277 458 4335 uanis
474 4272 666 4353 significatur.
705 4273 852 4353 Quamvis
875 4283 906 4335 et
921 4276 953 4334 in
968 4273 1024 4333 hae
1075 4273 1197 4349 pieriam
1212 4281 1241 4334 et
1253 4276 1314 4334 Dei
1325 4275 1465 4351 Spiritus
1479 4276 1515 4334 in
1531 4275 1618 4335 vobis
1633 4276 1773 4352 requies·

359 4367 389 4422 ta
405 4360 563 4422 exsultant.
577 4363 691 4434 saneti,
710 4359 764 4421 serl
780 4361 973 4440 imperisot03
990 4369 1023 4420 nt
1076 4362 1126 4420 eit.
1150 4361 1225 4420 Item
1236 4360 1446 4422 Tertullianus
1457 4362 1670 4441 inSoorpiaeo:
1687 4363 1773 4440 Quo·

359 4448 437 4508 ssim
462 4449 494 4507 in
509 4446 640 4507 Psalmis
665 4447 862 4509 ottranni.
901 4448 1022 4508 Similes
1076 4450 1167 4508 niam
1182 4449 1304 4523 pieriae
1320 4454 1350 4506 et
1366 4450 1426 4508 Dei
1448 4450 1587 4525 Spiritus
1605 4451 1775 4524 requiescet

359 4533 551 4596 hortationes
561 4542 631 4594 sunt
639 4533 721 4615 apud
732 4534 879 4610 Paulnm3
895 4535 1022 4594 ntRom.
1075 4538 1111 4595 in
1127 4535 1221 4596 vebia
1252 4536 1396 4613 Denique
1413 4535 1538 4614 Syriaca
1554 4537 1670 4595 versio:
1687 4536 1773 4613 Qua·

359 4641 369 4680 ι
395 4622 432 4684 Si
454 4629 564 4682 tamen
586 4625 816 4697 compatimur,
842 4628 879 4682 ut
902 4628 931 4681 et
946 4639 1023 4682 oon·
1075 4625 1164 4682 niam
1195 4624 1335 4697 Spiritus
1368 4624 1490 4697 ploriae
1519 4623 1581 4681 Dei
1610 4622 1775 4699 requiescit

359 4709 557 4787 orifleemur,
575 4714 605 4767 et
621 4708 734 4768 stim.
753 4712 780 4768 2.
793 4731 800 4767 :
815 4709 850 4770 Si
864 4725 1021 4770 eommor·
1075 4726 1171 4785 super
1185 4727 1248 4769 vos.
1284 4708 1452 4788 Cyprianus
1475 4727 1548 4767 vero
1563 4709 1595 4768 in
1610 4708 1706 4788 Epist
1723 4706 1773 4769 56.

359 4798 372 4856 i
384 4813 506 4869 sumus,
523 4802 552 4854 et
567 4797 781 4855 convivemus.
804 4796 840 4857 Si
853 4795 1021 4856 susstinebi·
1075 4796 1119 4856 sio
1133 4794 1239 4856 habet:
1264 4798 1347 4874 Quia
1369 4796 1545 4869 majestatis
1566 4791 1611 4870 (id
1634 4802 1683 4855 est
1703 4795 1773 4871 olo·

359 4897 411 4956 ss,
432 4890 463 4942 et
477 4882 750 4957 eonrepnabimus.
794 4936 801 4957 ,
1073 4878 1156 4959 riae)
1169 4890 1198 4942 et
1213 4884 1342 4943 virtutis
1354 4884 1488 4942 Domini
1504 4900 1621 4943 nomen
1636 4884 1673 4942 in
1687 4881 1775 4942 vobis

367 4971 419 5032 14.
440 4970 477 5032 Si
488 4966 731 5046 reprobramini
742 4970 777 5028 in
789 4971 919 5029 nomine
929 4968 1022 5029 Cirri-
1073 4971 1246 5047 requiescit.
1270 4968 1331 5031 Sed
1345 4971 1397 5049 qui
1410 4970 1453 5029 sio
1465 4971 1563 5041 vertit,
1575 4989 1635 5029 non
1647 4968 1773 5047 maipa,

359 5056 379 5135 ·'·,
407 5055 491 5120 beati
513 5057 611 5118 aritia
645 5054 801 5139 Interpras
823 5053 863 5118 de
889 5075 945 5117 sno
969 5053 1020 5118 ad-
1073 5055 1128 5119 aod
1143 5049 1241 5137 ianua
1255 5057 1330 5138 legit
1351 5058 1384 5120 in
1398 5055 1527 5120 Crasso.
1564 5054 1655 5139 Quod
1672 5064 1773 5121 auten
