4442 5825
393 602 465 677 lte
898 597 1330 657 commonuerimus.

389 772 532 836 obtulisse
546 770 614 835 Dec
629 792 736 853 punem
752 782 783 835 et
797 776 916 851 vinnm3
931 785 964 836 et
978 795 1082 836 conse·
1137 776 1297 855 speciebus
1322 778 1411 856 punis
1437 785 1469 839 et
1493 778 1556 840 vini
1578 776 1648 840 Deo
1669 776 1698 839 Ρ.

390 869 517 941 quentsr
546 859 770 922 similitudinem
799 864 889 932 ritus,
923 863 1082 941 significati
1136 863 1214 923 tulit

389 945 613 1027 perordinem
635 946 666 1007 in
689 966 778 1006 versu
793 947 950 1021 stidico,
973 950 1082 1009 consti·
1179 949 1239 1010 His
1254 951 1296 1010 its
1311 950 1480 1024 declaretis,
1499 957 1646 1030 superest,
1661 958 1697 1011 ut

389 1044 508 1095 tuumne
529 1037 561 1096 in
582 1053 627 1107 eo,
649 1032 731 1112 quod
753 1052 847 1114 supro
868 1033 1018 1111 diximus3
1040 1043 1083 1108 ut,
1136 1038 1294 1097 reticorum
1311 1035 1431 1113 objectu
1441 1035 1686 1116 respondemus.

389 1122 466 1181 sicut
488 1119 713 1183 Melchisedech
738 1140 846 1199 punem
868 1129 899 1181 et
923 1121 1024 1182 vinum
1052 1123 1084 1182 in
1137 1122 1508 1196 letemur,Mosennonuti
1519 1122 1698 1185 secubulco

389 1205 570 1269 sucrificium
592 1206 701 1268 obtulit
715 1207 791 1280 Deo,
817 1208 862 1267 sic
877 1206 1014 1269 Christus
1028 1208 1084 1271 sub
1137 1209 1249 1287 Neque
1267 1211 1348 1271 enim
1370 1210 1494 1269 verbum
1513 1208 1698 1270 Hebraicum

390 1295 477 1374 punis
493 1303 523 1354 et
538 1296 601 1355 sini
616 1292 774 1373 speciebus
796 1293 938 1355 obtulerit
950 1294 1036 1354 Petri
1052 1296 1083 1355 in
1138 1306 1186 1354 cut
1201 1295 1325 1373 offerre,
1349 1294 1405 1355 sed
1424 1297 1574 1372 profem
1596 1295 1698 1357 sel-et

390 1399 484 1441 coeno
499 1401 606 1462 corpus
620 1399 706 1440 sunm
722 1388 754 1440 et
768 1382 952 1459 sunguinem.
1137 1384 1215 1440 sicut
1237 1383 1328 1442 vertit
1350 1380 1520 1441 Chuldsens
1543 1384 1698 1463 interpres

433 1466 494 1527 Sed
509 1469 604 1547 ajunt,
620 1466 770 1526 Christum
787 1467 855 1527 ideo
870 1469 972 1526 soceri
987 1487 1083 1527 secer·
1137 1488 1198 1528 non
1224 1469 1366 1540 dicimus,
1397 1468 1571 1546 Scripturas
1603 1486 1698 1529 sensu

391 1554 491 1614 dotem
512 1553 676 1617 secundnm
699 1551 831 1613 ordinem
853 1552 1083 1625 Melchisedech,
1138 1556 1289 1628 Protulit,
1312 1554 1342 1615 id
1365 1564 1420 1629 est,
1443 1553 1557 1617 obtulit
1580 1554 1649 1615 Deo
1672 1574 1698 1633 p

390 1641 463 1719 quic
484 1661 538 1701 rex
560 1648 609 1703 eet
631 1639 780 1716 justitiae,
806 1648 838 1698 et
858 1658 912 1701 rex
935 1642 1027 1717 pscis,
1053 1648 1085 1698 et
1137 1642 1256 1714 vinum3
1281 1641 1336 1703 sed
1351 1641 1477 1722 protulit
1497 1642 1563 1702 sive
1578 1639 1698 1701 oddnxi

390 1734 544 1788 ueternum
559 1726 674 1787 hebens
689 1726 898 1799 secerdotium,
914 1726 1008 1804 idque
1021 1746 1083 1785 mc·
1139 1747 1234 1798 usum,
1250 1736 1292 1799 ut,
1311 1729 1384 1807 quic
1399 1726 1540 1787 sacerdos
1556 1736 1622 1787 erut
1637 1728 1698 1787 Dei

387 1813 440 1890 jus
451 1814 596 1874 Levitico.
613 1813 699 1872 Hscc
711 1813 789 1872 enim
804 1816 903 1873 omnic
915 1810 954 1872 de
966 1812 1083 1872 Christo
1138 1818 1265 1892 primum
1281 1815 1399 1875 otierret
1410 1814 1477 1875 Deo
1490 1815 1521 1876 in
1533 1813 1698 1877 sucrificius

389 1897 512 1961 fuerunt
548 1902 579 1961 in
611 1897 833 1959 Melchisedech
871 1898 1084 1978 praefigurata,
1138 1918 1202 1959 rum
1232 1902 1360 1961 actionis
1389 1918 1443 1980 pro
1474 1908 1536 1961 ten
1566 1893 1679 1978 insigni

390 1984 643 2066 qnemudmodum
680 1986 811 2045 ostendit
850 1984 1017 2064 Apostolus
1053 1986 1085 2044 in
1140 1985 1279 2047 normas
1310 2006 1468 2061 concesse,
1509 1994 1541 2049 et
1570 1995 1659 2064 perte
1690 2005 1698 2045 t

391 2070 851 2151 prescsdentibus.Respondeo,
864 2071 1085 2151 perhuecbene
1135 2071 1698 2152 jnxtsmorempscificorum,deinder

390 2156 510 2238 quidem
527 2157 656 2238 probari,
672 2155 826 2219 Christum
842 2161 873 2218 in
888 2158 935 2219 hie
949 2158 1085 2220 omnibus
1139 2159 1354 2220 sanctificatum
1382 2167 1547 2239 apponeret
1569 2158 1697 2220 Abrchc

390 2246 593 2325 significatum
609 2245 704 2305 luisse
719 2263 773 2323 per
787 2243 1017 2315 Melchisedech,
1034 2263 1085 2305 ve·
1140 2247 1194 2305 ciis
1215 2247 1282 2322 ejus
1304 2246 1335 2305 iu
1357 2247 1478 2324 epulum
1494 2245 1626 2307 solenne.
1658 2245 1698 2305 Er

390 2331 436 2395 lut
455 2353 510 2413 per
531 2340 637 2412 typum
664 2329 812 2410 quendum
836 2341 866 2395 et
886 2331 1027 2411 figurem
1055 2329 1086 2391 id
1139 2331 1343 2403 consuetudo,
1365 2341 1426 2395 tem
1446 2332 1527 2411 opud
1552 2332 1698 2395 Hebraeo

391 2419 471 2500 qnod
500 2419 595 2480 solum
625 2419 809 2499 propositum
838 2417 897 2478 init
921 2416 1086 2498 sportolo,
1139 2416 1218 2497 spud
1238 2418 1392 2489 Ethnicos,
1415 2428 1456 2492 ut,
1478 2437 1557 2499 quse
1577 2418 1645 2481 Dec
1667 2437 1698 2481 ιι

392 2524 453 2571 nou
467 2517 567 2568 sutem
583 2503 736 2566 Christum
753 2514 876 2584 propter
891 2503 967 2565 hcsc
982 2503 1085 2583 appel·
1138 2513 1247 2576 essent,
1263 2504 1353 2584 epulo
1365 2522 1419 2565 seu
1435 2504 1554 2585 publico
1570 2505 1698 2567 convivi·

391 2593 483 2653 lutum
506 2590 693 2655 nendoten
714 2590 878 2651 secundum
898 2589 1087 2651 ordinemne
1138 2593 1278 2670 appositu
1307 2602 1562 2653 consumerentur.
1607 2591 1659 2651 De
1688 2591 1698 2652 l

391 2678 615 2741 similitudinem
630 2675 872 2753 Melchisedecb;
895 2677 949 2737 sed
964 2684 1087 2756 propter
1139 2677 1278 2756 exemplo
1300 2684 1372 2737 sunt
1396 2681 1413 2737 1
1429 2677 1506 2757 Reg-
1525 2682 1553 2741 9.
1576 2686 1607 2738 et
1625 2679 1687 2750 16,

390 2764 483 2835 eliud,
505 2764 587 2845 quod
607 2763 771 2843 Apostolus
793 2763 860 2823 ideo
883 2783 943 2824 non
966 2762 1087 2842 putarit
1139 2763 1218 2824 muel
1245 2762 1416 2842 hujusmodi
1442 2764 1612 2825 convivium
1642 2763 1682 2825 de

391 2850 603 2931 expliceudum
625 2850 682 2910 hoc
702 2848 777 2921 loco,
800 2850 873 2931 quio
894 2848 1084 2929 grendsmy·
1139 2868 1338 2930 prosperasse
1360 2849 1478 2930 legitur.
1507 2849 1654 2914 Videntur
1675 2849 1698 2914 lt

391 2939 513 2999 sterium
528 2946 601 3010 eret
624 2946 657 2996 et
670 2935 710 2996 ud
726 2936 912 3015 probsndnm
929 2938 1027 3016 ipsine
1043 2938 1085 2997 in·
1140 2937 1193 2996 tici
1210 2937 1237 2997 7.
1255 2944 1285 2998 et
1299 2937 1389 3000 Dent
1407 2940 1457 3002 26.
1483 2938 1629 2998 Etbnicos
1649 2934 1698 3000 ide

391 3026 530 3086 stitutum
555 3044 615 3085 ncn
642 3023 826 3102 pertinebut3
851 3025 928 3084 sicut
949 3023 1087 3103 superins
1139 3032 1229 3101 tusce,
1251 3042 1312 3085 non
1331 3023 1427 3084 solnm
1448 3022 1577 3103 probunt
1598 3022 1698 3084 idolot'

391 3111 585 3172 ostendimus
598 3108 1085 3189 Etenimlongeuliudestqnsm·
1140 3110 1251 3189 quibus
1265 3108 1333 3171 Act.
1353 3110 1400 3170 lb.
1424 3120 1455 3171 et
1476 3111 1508 3176 in
1524 3115 1540 3170 1
1559 3107 1629 3171 Cor.
1646 3114 1698 3173 8.·

390 3200 472 3280 piem
502 3216 570 3258 esse
599 3196 724 3275 figurem
751 3195 875 3269 Christi,
905 3206 939 3257 ut
966 3197 1087 3258 tusmnt
1140 3195 1231 3269 tlibi,
1254 3195 1336 3258 unde
1358 3204 1406 3258 est
1429 3206 1461 3258 et
1483 3195 1559 3258 illud
1582 3196 1698 3262 Dent:

391 3284 480 3352 Abel,
495 3284 590 3354 Issus,
606 3280 716 3353 David,
733 3282 892 3358 Solomon3
907 3283 990 3344 uliud
1005 3302 1087 3354 vero,
1140 3300 1275 3359 quorum
1291 3285 1426 3344 sicimis
1439 3283 1647 3349 comedebant
1661 3303 1698 3345 cc

391 3369 555 3432 secundum
579 3369 659 3430 illins
684 3369 818 3430 ordinem
842 3368 995 3430 Christum
1020 3388 1086 3428 esse
1141 3369 1289 3431 bibebant
1330 3373 1443 3436 vinus
1484 3371 1695 3448 libaminum

390 3456 586 3518 secerdotem.
610 3454 700 3534 Quod
715 3454 754 3516 de
769 3455 815 3515 his
829 3454 890 3516 dici
905 3475 967 3516 non
981 3462 1087 3533 potest,
1142 3456 1232 3518 etism
1247 3455 1350 3529 mults,
1373 3475 1454 3535 quus
1476 3455 1558 3538 epod
1573 3457 1698 3520 Romen

391 3547 463 3622 quis
476 3543 527 3603 vel
543 3561 602 3604 non
617 3541 738 3603 inerunt
758 3541 939 3612 secerdotes,
961 3541 1012 3600 vel
1027 3561 1088 3601 non
1140 3541 1261 3622 gilium,
1294 3542 1434 3622 aliosque
1458 3542 1607 3623 prutenos
1634 3557 1698 3610 eud

391 3628 454 3690 tsle
475 3629 652 3690 sucrificium
673 3627 854 3701 obtulerunt,
877 3628 963 3705 cujus
983 3628 1086 3688 simili·
1141 3629 1288 3692 conviuiie
1303 3627 1452 3705 ejusmodi
1466 3629 1616 3708 leguntur.

394 3714 467 3775 tudo
482 3717 557 3776 ritus
570 3714 790 3791 conspiceretur
802 3714 832 3774 in
844 3714 989 3774 sacrificio
1001 3713 1086 3776 Chri·
1184 3714 1264 3774 Tele
1280 3733 1351 3794 erge
1366 3714 1424 3778 tuit
1447 3716 1628 3788 convivium,
1650 3735 1698 3784 nor

394 3804 441 3862 sti.
465 3802 507 3860 At
526 3801 564 3863 de
586 3799 807 3861 Melchisedech
825 3800 989 3862 secundnm
1009 3800 1087 3860 Scri·
1140 3804 1188 3868 nis
1202 3800 1309 3868 etvini
1320 3801 1527 3880 significemur,
1540 3820 1604 3882 quo
1615 3800 1697 3870 Melc

392 3896 496 3968 pturus
518 3896 681 3966 utrumque
698 3889 836 3948 novimus
851 3896 882 3948 et
897 3886 1087 3963 confitemur3
1141 3885 1281 3948 sacerdos
1303 3887 1457 3949 Abrehem
1479 3887 1687 3952 Putrisrchsm

392 3993 502 4053 nempe
526 3994 592 4035 enm
620 3975 652 4033 in
674 3993 709 4034 se
733 3975 800 4054 ipsc
825 3975 950 4053 figurem
978 3972 1089 4034 Christi
1140 3974 1178 4034 Id
1207 3970 1290 4054 quod
1319 3975 1408 4036 Mem
1435 3973 1576 4044 Clemens
1602 3974 1698 4038 Alexi

393 4062 532 4141 gessisse,
553 4058 633 4141 quod
649 4063 737 4122 etism
757 4061 827 4122 sliis
850 4069 897 4124 est
918 4079 1088 4136 commune,
1141 4061 1364 4122 vetustissimus
1389 4062 1530 4142 scriptor,
1555 4062 1696 4128 intellexi

393 4156 423 4208 et
460 4156 616 4227 prsetercs
651 4146 817 4208 secundum
855 4147 919 4225 ejus
956 4146 1088 4208 ordinem
1141 4147 1192 4207 lib.
1208 4148 1238 4206 4.
1255 4146 1363 4207 Strom.
1383 4146 1438 4207 sub
1457 4148 1548 4208 finem
1564 4146 1604 4209 de
1619 4148 1698 4212 Mete

393 4234 543 4294 Christum
567 4251 634 4294 esse
655 4234 851 4308 sacerdotem,
874 4232 957 4312 qnod
976 4232 1022 4294 illi
1044 4240 1090 4293 est
1142 4235 1202 4294 aits
1232 4235 1294 4310 Qui
1318 4234 1463 4296 sacerdos
1492 4241 1562 4296 cccc
1588 4236 1652 4296 Dei
1676 4253 1698 4298 c

393 4321 557 4401 proprium.
1142 4322 1198 4398 qui
1208 4337 1330 4395 panem
1353 4328 1383 4379 ct
1408 4323 1519 4383 mnam
1533 4322 1698 4398 sanctifico

437 4407 480 4467 Ut
494 4417 595 4467 sutem
609 4426 695 4468 nemo
707 4406 876 4466 Catholicus
892 4404 1016 4477 dubitet,
1034 4403 1090 4464 hoc
1143 4408 1190 4466 dit
1204 4406 1318 4479 cibum,
1334 4408 1370 4466 in
1385 4413 1496 4484 typum
1513 4408 1697 4472 ncctaece

392 4493 482 4557 modo
498 4492 628 4572 intelligi
643 4493 764 4565 debere,
781 4492 864 4571 quod
880 4492 990 4553 dicitnr
1005 4489 1088 4552 Chri·
1142 4492 1189 4554 his
1218 4492 1377 4553 versiculis
1407 4495 1566 4574 elegentes
1595 4514 1698 4575 expru

394 4590 458 4641 stus
474 4579 612 4643 sacerdos
635 4579 798 4640 secundum
819 4577 952 4640 ordinem
966 4577 1089 4638 Melchi·
1143 4579 1262 4640 donnus
1277 4579 1466 4659 praelatione
1485 4582 1516 4642 in
1532 4581 1698 4661 Psychomr

395 4666 516 4740 sedech,
537 4670 622 4739 sciet,
645 4665 752 4726 Patres
775 4663 903 4726 Consilii
917 4663 1090 4726 Tridentini
1165 4666 1278 4727 Adhuc
1293 4674 1447 4728 recentem
1463 4667 1558 4729 ccede
1571 4668 1611 4729 dc
1626 4677 1698 4734 tunt

395 4772 466 4815 sess.
480 4756 530 4813 22.
544 4774 610 4833 cup.
624 4757 651 4813 1.
664 4760 766 4833 operte
782 4751 896 4825 docere,
912 4750 993 4831 quod
1006 4749 1088 4809 Chri·
1165 4754 1279 4813 Donnt
1292 4754 1438 4816 sacerdos
1450 4753 1583 4831 fernclic
1597 4756 1698 4826 coeles

395 4847 469 4912 stus,
484 4840 667 4900 sacerdotem
682 4836 848 4900 secundnm
863 4836 998 4898 ordinem
1013 4836 1088 4896 Mel·
1165 4840 1228 4899 Dei
1242 4840 1398 4915 sacerdos,
1414 4859 1472 4903 rec·
1486 4848 1517 4902 et
1530 4841 1616 4904 idem
1629 4862 1697 4921 pru

396 4924 555 4988 chisedech
570 4946 603 4988 se
614 4929 646 4987 in
661 4935 814 4988 ueternum
830 4926 1023 4986 constitutum
1039 4922 1088 4983 de
1187 4925 1277 4987 Putet
1299 4928 1391 5005 igitur
1416 4946 1455 4988 ex
1482 4926 1543 5003 his,
1567 4928 1698 5000 Ilebrsis

397 5010 523 5086 clusus,
546 5033 654 5093 corpus
675 5024 706 5075 et
726 5013 903 5093 sunguimm
924 5030 1013 5074 suum
1033 5011 1090 5074 sub
1143 5011 1230 5074 bum:
1245 5012 1443 5089 protutitrel
1454 5014 1698 5092 cutm-obtul
