4442 5825
444 581 518 650 690
962 573 1328 655 commrsmsrscsr.
1346 576 1375 630 11.

325 737 327 743 ¹
442 751 574 812 omnium
585 750 745 824 homiuum,
758 759 908 832 quotquot
920 762 996 824 sunt,
1008 751 1136 827 fuerunt,
1190 773 1253 835 csp.
1265 754 1338 820 ⁴10.:
1354 755 1398 814 Et
1413 754 1497 813 elias
1513 771 1586 835 coes
1600 753 1719 828 babeo,
1735 772 1880 831 quassos

443 837 691 900 euttuturisunt.
714 837 777 899 Sed
789 837 874 899 illum
886 839 1135 912 commentorium,
1189 848 1263 902 eunt
1286 860 1323 900 eo·
1345 841 1401 902 boo
1422 840 1521 917 ovili‚·
1545 848 1575 900 et
1599 841 1680 902 illae
1704 847 1826 918 oportet
1845 861 1881 901 me

442 925 581 1004 quemvis
594 926 748 987 veritatem
761 928 911 986 contineat
923 924 960 986 de
972 926 1136 986 universali
1189 918 1366 1005 adducam
1394 934 1423 987 et
1444 946 1552 989 vocem
1571 946 1683 989 meam
1700 928 1842 1003 omens,
1861 937 1882 988 et

442 1012 620 1072 sufficientia
636 1013 787 1094 passionis
799 1011 911 1074 Christi
923 1034 976 1093 pro
989 1013 1136 1086 omnibus,
1187 1014 1242 1093 flet
1255 1033 1357 1077 unum
1381 1015 1462 1076 ovile
1485 1021 1515 1076 et
1535 1033 1625 1077 caus
1641 1016 1774 1077 Pastor.
1796 1015 1884 1077 Estst

441 1105 542 1159 temen
564 1108 598 1158 ut
612 1101 680 1161 huic
697 1100 761 1161 loco
784 1103 882 1162 minus
907 1101 1136 1162 convenientem
1188 1102 1220 1162 in
1235 1101 1291 1161 bec
1307 1100 1445 1183 Epistola
1469 1101 1556 1163 locus
1577 1101 1703 1185 similis,
1724 1112 1762 1164 ut
1775 1106 1882 1183 cept,

436 1184 501 1263 jem
518 1185 710 1262 exclusimus,
725 1186 812 1269 piore
828 1185 867 1249 ed
882 1184 1008 1271 eundem
1028 1188 1134 1268 impro·
1187 1189 1239 1249 ubi
1254 1208 1321 1250 cum
1345 1187 1481 1263 dixisset,
1504 1189 1605 1251 Βουιιι
1631 1191 1758 1251 saisisse
1779 1188 1882 1251 mres

439 1270 570 1334 bendum
592 1273 671 1336 infre
693 1273 810 1335 dicturi.
836 1273 898 1336 Alii
919 1294 1018 1356 porro,
1039 1273 1134 1335 Joen·
1188 1294 1279 1337 suum
1301 1279 1565 1354 propitiationem
1586 1295 1655 1353 pro
1676 1281 1818 1355 peccatis
1834 1296 1882 1339 ee·

439 1377 506 1418 nem
537 1360 740 1442 intelligentes
769 1361 853 1445 loqui
889 1362 928 1422 de
962 1360 1072 1421 efficaci
1104 1372 1135 1421 et
1188 1365 1270 1437 stris,
1287 1362 1381 1443 poulo
1417 1372 1465 1425 ost
1479 1362 1517 1424 ed
1533 1362 1670 1447 gentiles
1687 1362 1772 1425 idem
1787 1364 1880 1425 benei-

439 1445 551 1505 ectusli
574 1450 796 1529 propitiatione,
814 1451 903 1530 juxte
926 1448 1028 1509 detem
1051 1448 1134 1529 prius
1188 1451 1266 1509 oium
1290 1384 1443 1524 extendit,
1470 1449 1589 1525 diceus,
1617 1451 1756 1512 Patrem
1782 1455 1882 1513 misisse

439 1532 664 1613 expositionem,
680 1554 768 1596 sensu
781 1545 883 1598 temen
896 1533 1133 1596 edhucverient.
1188 1536 1308 1623 Filiam
1330 1556 1423 1598 suem
1438 1538 1644 1599 &lectorem
1666 1539 1797 1600 mucidi.
1810 1536 1881 1637 i(lup

439 1617 570 1699 Quidem
586 1622 663 1682 enim
679 1625 721 1683 sic
741 1632 910 1703 exponunt:
937 1622 1004 1683 Non
1019 1630 1135 1682 tentum
1188 1643 1248 1705 qao
1264 1643 1365 1684 rursus
1381 1625 1529 1705 convenit,
1554 1623 1641 1704 quod
1657 1623 1738 1687 dicit
1753 1628 1819 1707 ipse
1833 1627 1881 1688 De·

437 1726 490 1787 pro
518 1709 796 1788 peccatisnostris,
820 1704 850 1770 id
874 1718 1056 1783 estcorum,
1082 1710 1135 1791 qui
1186 1702 1285 1771 minus
1301 1704 1463 1789 Evangelii
1486 1731 1552 1793 cap.
1570 1712 1639 1772 17.;
1669 1713 1749 1774 Naso
1771 1731 1831 1791 pro
1850 1719 1883 1774 eis

438 1810 518 1854 nuno
533 1797 648 1871 vivunt,
670 1796 725 1857 sed
747 1799 835 1857 etiem
859 1817 914 1878 pro
937 1798 1068 1879 peccetis
1085 1814 1132 1856 eo·
1186 1805 1294 1858 autem
1310 1817 1388 1874 repo
1403 1805 1529 1859 tar-tum
1537 1821 1550 1875 ;
1565 1799 1622 1859 sed
1638 1807 1670 1859 et
1683 1818 1751 1876 pra
1767 1803 1820 1874 eis,
1837 1804 1882 1879 qui

438 1900 512 1954 rum,
530 1885 581 1961 qui
595 1883 739 1944 nescituri
750 1894 828 1958 sunt,
844 1880 989 1966 quamdiu
1004 1882 1133 1944 mundos
1186 1884 1339 1945 credituri
1353 1892 1428 1946 suat
1440 1884 1646 1962 perverbum
1659 1890 1823 1949 commin
1833 1906 1880 1947 sae

438 1966 566 2029 durabit.
590 1970 639 2030 Ite
662 1968 874 2032 Oecumeoius.
897 1970 959 2032 Alii
982 1973 1043 2032 sic:
1066 1969 1134 2030 Non
1185 1971 1344 2033 Hocenim
1355 1974 1492 2052 protinus
1505 1991 1675 2051 exponens,
1692 1974 1739 2034 ite
1755 1974 1880 2054 subjicit:

438 2061 554 2115 tentum
570 2059 766 2139 propeccatis
782 2059 900 2133 nostris,
916 2057 1007 2118 idest
1022 2076 1132 2129 eorum,
1192 2059 1232 2120 Ut
1246 2056 1355 2120 credat
1370 2056 1519 2134 mundus,
1540 2058 1571 2120 id
1587 2066 1637 2120 eet
1653 2058 1808 2142 dispersio
1820 2080 1879 2143 gen·

437 2139 477 2201 ed
492 2161 568 2222 quos
583 2144 697 2206 scribo:
713 2165 817 2207 verum
828 2144 916 2206 etism
929 2166 983 2225 pro
998 2144 1134 2226 peccetis
1187 2146 1270 2220 tium,
1288 2149 1364 2224 quia
1379 2148 1428 2208 Tu
1440 2166 1489 2208 me
1505 2148 1628 2207 misisti.
1650 2142 1723 2208 Nec
1739 2166 1827 2209 smus
1839 2168 1879 2209 ee

437 2229 527 2289 totius
538 2230 703 2293 Ecclesiae.
726 2231 770 2293 Ut
781 2226 899 2294 nomine
910 2226 1007 2293 totius
1018 2226 1134 2292 maadi
1187 2231 1354 2321 cipiendqm
1370 2233 1500 2295 erbitror
1515 2232 1553 2306 id,
1574 2231 1660 2312 quod
1675 2232 1720 2294 ed
1736 2254 1878 2297 consecre-

436 2316 620 2396 intelligetur
634 2319 776 2381 Ecclesie
797 2342 851 2402 per
873 2328 969 2381 totum
990 2317 1133 2380 erundum
1187 2320 1296 2405 tionem
1312 2316 1467 2399 sangoinis
1482 2319 1638 2381 ‘Dominici
1661 2323 1776 2383 recitet
1796 2340 1877 2383 seca·

436 2408 590 2488 disperse,
617 2407 820 2490 complectens
844 2398 953 2469 ornnes¹
972 2416 1035 2468 toto
1061 2396 1134 2467 orbe
1186 2396 1300 2469 dos'od
1323 2407 1426 2482 altere,
1449 2428 1486 2468 ex
1506 2407 1686 2488 Apostolice
1713 2408 1878 2471 trediticnc:

435 2492 549 2559 fideles.
588 2500 677 2582 Ques
712 2502 759 2555 est
789 2495 937 2576 expositio
968 2494 1132 2575 Augustini
1187 2497 1249 2577 (lai
1268 2513 1332 2573 pro
1348 2480 1434 2577 oobis
1449 2503 1479 2555 et
1498 2514 1560 2571 pro
1576 2495 1690 2555 inultis
1706 2496 1879 2575 effundetur

434 2591 519 2644 treet.
537 2589 565 2647 1.
581 2598 610 2649 et
627 2585 655 2645 5.
677 2585 708 2644 in
729 2581 807 2644 benc
821 2582 920 2663 Epist
945 2592 975 2642 et
991 2590 1066 2643 treet
1082 2581 1132 2643 87.
1186 2584 1222 2643 irs
1237 2583 1451 2644 remissionem
1464 2589 1680 2659 peccatorum.
1707 2582 1877 2655 Procedit,

435 2671 467 2730 in
493 2672 610 2756 Ereng.
635 2674 783 2747 Joennis3
805 2692 861 2733 nec
887 2690 947 2731 non
972 2669 1075 2730 Bedee
1102 2670 1133 2730 in
1186 2668 1302 2732 scilicet
1316 2669 1453 2743 Judeeis,
1480 2677 1508 2729 et
1527 2688 1589 2747 pro
1607 2668 1733 2745 maltis,
1757 2672 1877 2751 gentius

435 2771 592 2822 comment.
615 2760 668 2822 Sic
684 2761 761 2821 enim
777 2767 806 2819 ct
820 2759 886 2838 ipse
899 2757 1038 2819 Ecclesia
1054 2758 1134 2818 seuit
1185 2755 1312 2839 populis.

438 2848 469 2908 in
491 2847 569 2910 tosto
591 2849 802 2909 Pentecostes:
830 2849 1034 2927 Quapropter
1052 2863 1133 2921 pro·
1227 2844 1298 2905 Jem
1312 2842 1395 2926 quod
1416 2862 1517 2903 sensus
1534 2841 1677 2924 Apostoli
1701 2865 1768 2906 non
1782 2842 1877 2905 debeo

433 2936 519 3014 susis
546 2938 673 3014 paudite
702 2943 785 2998 totus
811 2936 846 2997 irs
873 2934 946 2996 orbe
972 2941 1131 2994 terrarum
1186 2951 1253 2993 csse
1266 2927 1388 3013 prorsus
1404 2929 1589 3006 universelis,
1605 2930 1773 3008 utvolunt,
1788 2927 1876 3014 quide

435 3025 575 3086 mundus
597 3024 750 3097 exsultat,
776 3021 804 3083 id
829 3030 884 3094 cst,
906 3020 1046 3081 Ecclesia
1068 3028 1131 3079 toto
1185 3018 1364 3106 sufficientis
1391 3015 1538 3078 duntaxat
1563 3018 1655 3097 pretii
1683 3015 1788 3080 locum
1808 3019 1876 3082 buno

434 3110 507 3172 orbe
530 3110 646 3173 diffuse
676 3111 792 3171 Rursus
815 3107 884 3170 elii:
910 3107 970 3167 Pro
997 3107 1131 3187 peccetis
1185 3113 1348 3186 exponunt,
1365 3103 1740 3185 doceripotestexverbis
1755 3107 1877 3187 proxime

432 3218 494 3259 non
508 3205 623 3259 tentmn
639 3217 749 3269 oerum,
774 3197 825 3276 qui
837 3196 902 3274 jem
918 3194 1052 3266 credunt,
1076 3192 1131 3255 sed
1185 3190 1448 3271 praecedentibus:
1494 3190 1701 3253 Advocatum
1739 3192 1878 3254 soem

433 3291 466 3345 et
480 3286 609 3347 omnium
626 3284 795 3355 electorum,
812 3300 886 3363 quos
901 3281 998 3342 edhuo
1014 3301 1052 3342 ex
1068 3300 1128 3340 om·
1183 3280 1273 3356 apud
1287 3281 1428 3354 Patrem,
1447 3283 1560 3343 ,Iseum
1576 3279 1745 3341 Christum
1756 3283 1876 3355 icum

431 3371 521 3435 nibus
536 3369 640 3433 mundi
663 3370 801 3453 pertibus
816 3367 856 3430 ed
871 3367 961 3430 fidem
985 3365 1127 3428 edductu·
1184 3365 1263 3426 Dum
1287 3367 1364 3426 cuim
1384 3366 1485 3427 statim
1500 3363 1673 3445 subjungit:
1704 3367 1877 3444 Eriperes

434 3478 486 3520 mg
503 3467 556 3522 ωε,
1180 3455 1372 3529 propitiatio
1384 3471 1447 3529 pro
1461 3453 1597 3530 peccatis
1609 3455 1877 3516 noetrtnotottes

474 3546 538 3607 Alii
566 3544 693 3626 denique
722 3540 853 3606 reddunt
882 3541 962 3603 banc
991 3559 1127 3599 sensum:
1182 3540 1307 3614 mundi,
1330 3537 1473 3614 declaret,
1497 3536 1651 3600 Christum
1671 3543 1876 3620 propitietis·

432 3629 502 3712 lion
518 3641 635 3694 tentum
658 3653 712 3713 pro
734 3631 866 3711 peccetis
889 3630 1007 3700 nostris,
1030 3626 1061 3686 id
1085 3633 1129 3685 eet
1182 3644 1254 3686 aem
1271 3645 1333 3689 esse
1345 3645 1408 3702 pro
1421 3629 1558 3704 peccetis
1573 3625 1725 3704 illarum,
1749 3647 1875 3707 quorun

335 3713 337 3716 ’
431 3715 633 3792 Judeeorum,
655 3718 708 3780 sed
731 3721 819 3779 etiem
834 3735 888 3798 pro
909 3716 1041 3797 peccetis
1057 3733 1126 3793 gen·
1181 3721 1227 3773 eet
1246 3714 1428 3774 advocatus.
1458 3713 1553 3793 Atqui
1575 3721 1702 3776 tentum
1723 3714 1874 3778 electore·

429 3804 524 3867 tilium
541 3806 757 3885 cujuscumque
776 3825 831 3884 per
847 3810 940 3864 totum
956 3802 1060 3862 orbem
1074 3819 1127 3859 ne·
1180 3800 1345 3861 edvocotus
1372 3809 1432 3873 est,
1459 3802 1532 3880 quie
1557 3808 1677 3862 tentum
1703 3821 1762 3883 pro
1784 3799 1875 3866 deest

428 3892 527 3955 tionis.
560 3892 620 3970 Qui
635 3911 740 3953 sensus
759 3899 861 3952 exstet
879 3888 960 3969 epud
977 3885 1125 3970 cyrillum
1180 3896 1254 3961 oret,
1276 3888 1434 3968 sicutipse
1450 3894 1577 3948 testetur
1600 3886 1697 3950 Josu.
1718 3891 1786 3950 lim
1810 3891 1873 3954 lies

428 3977 481 4040 lib.
504 3984 552 4042 11.
579 3998 676 4058 super.
693 3977 717 4039 J
718 3997 784 4039 oen.
801 3998 866 4058 cep.
885 3980 933 4039 19.
964 3974 1025 4056 Qui
1039 3971 1127 4034 nobis
1176 3993 1240 4049 pro
1256 3975 1379 4035 maredo
1393 3991 1481 4049 rapo,
1505 3973 1666 4036 mundam
1684 3975 1873 4057 reprobem

427 4063 549 4128 videtur
578 4066 670 4145 hujus
704 4064 763 4125 loci
795 4065 925 4125 maxime
957 4079 1125 4142 germanus,
1180 4059 1360 4141 intelligens,
1372 4061 1426 4121 esd
1433 4059 1563 4138 probis,
1574 4062 1785 4137 quasdcdisti
1795 4063 1871 4138 miii,

427 4152 559 4233 ideoque
574 4154 701 4213 coeteris
724 4150 958 4234 anteponendus.
981 4147 1126 4209 scribitur
1178 4148 1231 4227 qui
1247 4149 1348 4228 utique
1364 4146 1539 4208 suntelocti.
1562 4145 1721 4211 Similiter
1732 4169 1805 4233 ergo
1817 4161 1870 4212 teu

428 4240 507 4300 enim
522 4240 598 4300 beec
612 4238 753 4320 Epistola
768 4237 807 4299 ed
819 4237 964 4310 Judeeos,
979 4243 1011 4294 ut
1027 4243 1122 4295 osten·
1179 4241 1242 4293 tum
1257 4254 1311 4315 pro
1326 4234 1488 4295 electorum
1511 4237 1660 4314 peccetis,
1684 4245 1754 4300 um
1776 4257 1869 4306 corun,

427 4323 526 4389 dimus
547 4328 577 4387 in
593 4324 827 4406 Prologomeuis.
852 4326 901 4386 Sic
925 4332 956 4385 et
978 4321 1053 4383 olibi
1069 4321 1122 4383 Jo·
1178 4321 1231 4400 qui
1254 4329 1324 4381 sunt
1346 4341 1383 4382 ex
1405 4319 1554 4401 gentibus,
1577 4341 1671 4402 quem
1694 4326 1752 4407 qui
1775 4323 1868 4387 exle-

426 4433 518 4475 eunos
533 4412 675 4490 loquitor,
691 4423 723 4473 ot
738 4412 902 4492 Evangelii
918 4412 966 4471 sui
981 4429 1046 4487 cep.
1064 4411 1122 4480 11.,
1177 4406 1273 4481 desis,
1292 4407 1478 4490 significetur
1493 4427 1558 4468 esse
1575 4411 1771 4490 propitiatio.
1794 4411 1865 4493 Ques

424 4498 539 4576 dicens,
562 4499 709 4581 Oeipbem
733 4499 937 4579 prophetasse,
961 4496 1046 4572 qaod
1061 4499 1122 4558 Je·
1176 4514 1222 4555 ros
1239 4495 1328 4555 etiem
1345 4493 1509 4556 ostenditur
1529 4513 1568 4554 ex
1584 4497 1693 4558 verbis
1710 4497 1866 4562 memoret!

424 4605 477 4648 eus
499 4590 675 4648 moriturus
699 4592 768 4645 erut
792 4602 853 4660 pro
879 4591 989 4658 pente,
1016 4600 1122 4661 nempe
1177 4580 1351 4642 Joen.11.:
1379 4583 1451 4644 Non
1467 4588 1595 4643 tamtum
1611 4602 1676 4659 pro
1699 4594 1806 4662 possse,
1824 4581 1865 4646 sot

423 4671 561 4748 Judeice,
585 4681 615 4733 et
637 4691 706 4735 aare
729 4678 854 4732 tantam
875 4688 939 4750 pro
963 4688 999 4729 ee
1017 4676 1120 4743 pente,
1175 4677 1211 4729 set
1233 4667 1316 4746 filios
1339 4670 1410 4744 Dei,
1431 4672 1487 4746 qui
1509 4677 1607 4731 oraret
1630 4671 1783 4752 dispersi,
1803 4690 1863 4735 sos·

423 4760 477 4820 sed
503 4767 540 4821 ut
564 4760 647 4839 filios
673 4761 746 4836 Dei,
773 4761 947 4835 quierant
976 4756 1119 4832 dispersi,
1174 4764 1327 4832 preparet.
1365 4753 1425 4818 Ubi
1451 4751 1523 4816 licet
1549 4757 1785 4823 multitudinem
1808 4778 1861 4842 get-

420 4864 528 4925 nempe
551 4866 606 4927 per
628 4856 723 4908 totum
739 4843 891 4916 mundum,
914 4849 1121 4919 corrpreparet
1174 4844 1248 4903 tium
1264 4841 1435 4923 signitiesre
1455 4842 1588 4906 voluerit
1604 4845 1812 4930 Erengoliete,
1829 4855 1859 4905 te

421 4932 457 4994 in
480 4952 593 5009 ursam,
617 4933 726 5006 idest,
748 4933 779 4994 in
802 4949 893 4993 unum
917 4929 1004 4992 ovile.
1034 4928 1117 5010 Quo·
1174 4950 1243 4991 men
1268 4947 1433 4990 sermonem
1454 4930 1613 4994 restrinxit
1632 4933 1675 4995 sd
1700 4935 1785 5014 filios
1805 4933 1859 5002 liri

422 5017 512 5080 modo
538 5018 612 5082 dicit
635 5021 782 5083 Dominus
802 5014 936 5098 ejusdem
958 5015 1119 5095 Evengelii
1175 5016 1312 5078 nimirum
1326 5011 1620 5098 precdestinstione,
1643 5020 1739 5088 idest
1759 5023 1857 5086 does
