4442 5825
745 597 909 654 uulsrum
926 597 965 651 tu
984 596 1150 652 mutuos.
1186 595 1271 651 ms.
1288 597 1313 650 5.
1683 600 1755 669 m

347 776 417 855 [aare
432 784 552 853 praeter
562 774 704 855 Apostoli
716 781 843 836 mentem
860 783 911 848 eet,
928 773 1009 853 quod
1061 781 1204 853 potestas.
1229 773 1272 832 Et
1285 772 1376 833 Marc.
1395 773 1443 832 10.
1467 771 1641 832 Plariaeeia
1657 769 1755 831 dicen·

347 881 467 934 minut,
493 861 550 922 hac
572 864 604 922 in
625 871 711 942 parte
731 863 819 922 etiam
842 882 861 921 a
881 859 1008 923 Calvino
1062 861 1158 920 tibus:
1185 861 1285 920 Mores
1305 863 1451 936 permitit
1473 859 1615 919 libellum
1630 859 1758 935 repudii

347 947 525 1029 patenam,
547 948 640 1029 plano
662 956 747 1010 textu
769 949 884 1019 relicto,
907 957 1010 1008 coacta
1062 948 1195 1009 scribere
1210 954 1240 1006 et
1253 947 1421 1020 dimittere,
1443 947 1637 1022 respondem
1650 949 1756 1019 Jeme,
1858 976 1861 983 1

347 1034 444 1095 ladam
470 1035 651 1116 paraphrasi
676 1037 782 1096 vertit:
818 1037 899 1114 Qui,
924 1035 1010 1112 quod
1063 1038 1126 1094 ait:
1149 1035 1200 1094 Ad
1222 1035 1376 1093 duritiem
1399 1034 1502 1094 cordio
1524 1035 1620 1094 vestri
1634 1034 1758 1106 erepet

347 1128 376 1182 at
398 1121 442 1181 de
461 1140 600 1182 mmcro
625 1121 770 1200 filioram
788 1125 877 1197 Levi,
904 1140 1009 1182 aecer·
1066 1121 1153 1182 vobio
1165 1129 1370 1198 praeceptum
1386 1121 1482 1195 ietnd,
1500 1119 1529 1179 id
1545 1129 1598 1192 eat,
1614 1119 1756 1180 constitu·

347 1209 392 1269 cte·
414 1209 618 1286 functionem
640 1217 788 1281 tamenn
811 1210 898 1290 quani
921 1228 1011 1269 cenea
1063 1211 1176 1269 tionem
1198 1209 1417 1288 permissivum.
1448 1208 1529 1287 Ergo
1551 1226 1659 1267 oenone
1676 1210 1758 1287 Apo·

347 1295 512 1376 pnificetnr.
533 1294 624 1375 Quod
647 1315 706 1356 non
725 1295 823 1357 voluit
836 1296 1009 1376 Apoatolue.
1063 1295 1134 1356 atoli
1142 1305 1194 1368 eet,
1203 1295 1379 1356 Sacerdotes
1386 1294 1497 1355 habere
1505 1292 1660 1354 decretam
1671 1294 1759 1373 legia,

352 1382 549 1445 laniatam
564 1383 682 1444 heberet
703 1383 838 1443 decianae
853 1401 975 1443 camere
989 1399 1011 1441 u
1064 1402 1124 1462 quo
1136 1382 1223 1442 detm
1233 1383 1279 1443 eia
1290 1391 1422 1462 poteetee
1438 1379 1605 1462 accipiendi
1617 1401 1636 1440 a
1646 1381 1758 1461 populo

347 1470 435 1547 puto
457 1469 633 1530 iocundum
656 1471 763 1545 lepcm.
786 1471 934 1538 Decimae
955 1486 1010 1528 ou·
1064 1469 1204 1529 decimae.
1227 1467 1315 1529 Unde
1329 1487 1367 1528 ex
1382 1467 1440 1528 hoc
1462 1468 1529 1528 loco
1547 1488 1606 1528 non
1623 1467 1758 1541 habetur,

347 1575 409 1632 ere,
433 1559 577 1617 nnumin
592 1555 710 1618 Graeco
725 1556 851 1616 verbum
868 1564 916 1616 eat
932 1546 1009 1614 ἀπο·
1064 1555 1234 1616 sacerdotes
1257 1565 1417 1637 praecepto
1438 1557 1534 1616 teucri
1556 1554 1596 1615 ad
1611 1555 1756 1635 accipien-

347 1642 474 1717 amir,
490 1642 522 1703 id
536 1648 584 1704 eat
597 1642 754 1703 decimare.
791 1641 882 1724 Quod
894 1651 924 1703 et
939 1644 1008 1702 eim·
1063 1641 1142 1715 dnm,
1166 1643 1231 1702 eive
1253 1641 1433 1725 exigendpm
1454 1641 1602 1714 decimae,
1624 1651 1677 1701 aut
1698 1641 1758 1702 alia

347 1730 433 1792 letter
447 1725 596 1788 dcaacoir
617 1728 732 1802 dicitur,
754 1737 787 1788 ut
809 1729 857 1789 hic
873 1728 950 1790 inira
965 1748 1008 1788 ae·
1058 1729 1131 1807 jura
1141 1728 1198 1789 aibi
1208 1749 1229 1789 a
1239 1730 1351 1811 populo
1365 1729 1475 1789 debita
1491 1729 1682 1809 Quamquam
1697 1750 1758 1791 non

347 1814 413 1877 alet
424 1818 543 1877 iterum.
560 1816 663 1895 Quare
672 1815 713 1876 ad
723 1816 850 1876 verbum
861 1835 879 1878 e
892 1815 1009 1877 Graeco
1063 1834 1216 1896 negamus,
1231 1837 1337 1877 revera
1348 1816 1454 1891 teneri,
1470 1825 1621 1895 quotenne
1636 1817 1759 1877 intereat

347 1902 490 1965 nandum
524 1912 619 1964 eeeet:
657 1901 815 1964 decimare
842 1905 1009 1980 populum.
1062 1903 1215 1965 Ecclesiae
1226 1912 1257 1964 et
1268 1922 1479 1964 encoeniorum.
1491 1903 1616 1983 Alioqui
1627 1912 1758 1984 tempore

347 1988 377 2052 til
396 1993 577 2070 interpretes
599 2009 719 2051 aeneum
741 1990 854 2068 optime
872 1989 1008 2050 reddida·
1063 1999 1093 2050 et
1104 1990 1169 2050 loco
1182 1988 1429 2051 dissimulandum
1441 1991 1567 2070 aaaejua
1579 1990 1757 2070 hujusmodi,

347 2086 393 2141 nt
413 2077 541 2158 Legitur
553 2075 635 2139 idem
646 2076 826 2141 vocabulum
840 2076 945 2137 llatth.
958 2077 1009 2138 23.
1062 2097 1116 2139 eea
1146 2078 1263 2139 vitandi
1296 2076 1444 2151 tundali,
1478 2097 1532 2137 aaa
1561 2076 1758 2158 promovendi

347 2162 440 2225 aaa
465 2169 533 2226 11.:
563 2166 627 2225 Voa
648 2163 746 2239 nobie,
768 2167 824 2241 qui
846 2165 1010 2224 decimatio
1062 2163 1225 2244 Evangelii
1248 2183 1348 2237 uuae,
1371 2163 1524 2244 praeclare
1546 2184 1602 2225 auo
1617 2164 1756 2246 exemplo

347 2258 454 2315 aetam
476 2260 534 2311 etc
562 2249 674 2311 Verum
695 2250 737 2312 ibi
760 2270 820 2311 nou
840 2251 1008 2331 aignificat:
1062 2269 1117 2311 noe
1132 2248 1234 2311 docuit
1248 2250 1364 2312 Paulus
1381 2257 1397 2311 l
1415 2249 1484 2310 (lor.
1502 2254 1529 2313 9.

347 2340 456 2417 ccipere
480 2336 620 2399 decimae
626 2380 637 2413 ,
667 2336 722 2398 aed
746 2337 845 2416 dore5
877 2340 956 2407 aient
981 2346 1009 2396 et
1104 2338 1175 2399 Alia
1189 2340 1324 2420 quaestio
1340 2346 1392 2410 eet,
1415 2357 1468 2397 cnr
1488 2335 1662 2398 mandatum
1677 2337 1756 2399 deci·

347 2443 389 2487 u.
413 2428 482 2488 la:
509 2426 656 2486 Decimae
677 2426 719 2484 do
742 2427 901 2500 omnium,
927 2443 1009 2502 quae
1061 2444 1177 2487 marum
1191 2424 1384 2506 peculiariter
1398 2427 1531 2504 assignet
1544 2423 1758 2499 cacerdotibus,

347 2513 467 2587 uideo,
483 2519 517 2573 et
530 2510 614 2591 apud
628 2510 729 2572 LXX.
746 2510 836 2572 Dent.
855 2514 920 2572 14.:
942 2514 1010 2572 De·
1062 2533 1132 2574 com
1151 2533 1211 2572 non
1233 2512 1290 2573 eoli
1308 2510 1490 2585 cacerdotee,
1513 2511 1566 2572 aed
1587 2513 1620 2572 in
1641 2513 1757 2573 univcr-

347 2602 427 2661 ἰω
449 2600 618 2660 decimabis
631 2599 672 2658 de
688 2597 833 2660 omnibua
852 2599 1010 2678 fructibus
1062 2619 1127 2661 enm
1143 2599 1279 2672 Levitae,
1302 2598 1466 2681 secundnm
1488 2597 1584 2679 legem
1599 2599 1688 2660 Num.
1707 2602 1755 2662 18.

347 2704 373 2747 n.
394 2685 517 2750 Licebit
531 2686 688 2747 contulere
701 2685 882 2747 Jaueenium
898 2688 928 2747 in
943 2705 1009 2766 cap
1062 2706 1154 2767 supra
1168 2686 1299 2762 citatam,
1313 2685 1445 2747 decimae
1460 2688 1639 2768 acciperent
1655 2686 1757 2766 Hujua

347 2774 468 2836 Leone
484 2774 635 2852 evangel..
659 2772 697 2834 de
710 2792 786 2833 voce
808 2782 869 2834 tam
884 2772 1010 2844 Graeca,
1062 2772 1212 2854 duplicem
1242 2772 1342 2834 adfert
1370 2777 1518 2835 rationem
1547 2773 1582 2833 Β.
1613 2773 1758 2849 Thomu,

347 2876 404 2924 nnn
418 2861 581 2935 Hebraica
604 2879 681 2941 quae
702 2879 782 2922 nunc
802 2861 911 2935 active,
929 2878 1010 2921 nunc
1062 2868 1223 2943 utramque
1238 2862 1269 2921 in
1283 2860 1385 2923 verbio
1406 2862 1500 2940 ipsine
1514 2861 1591 2941 legia
1608 2862 1682 2922 tatia
1696 2861 1757 2922 eri·

347 2951 434 3010 u‘re
444 2950 582 3009 mitur.
598 2947 671 3021 Lex,
683 2949 770 3027 cuju·
781 2948 916 3009 meminit
927 2949 1008 3029 Apo·
1062 2947 1167 3010 denter
1181 2948 1346 3009 fundatam.
1370 2949 1439 3008 Una
1454 2950 1530 3009 ratio
1542 2957 1598 3021 eat,
1614 2949 1688 3029 quia
1699 2947 1756 3008 Le·

347 3035 418 3110 aha
445 3034 576 3096 liabetur
595 3034 685 3095 llum.
710 3035 778 3094 le:
804 3035 897 3098 iiiito
918 3036 1008 3110 Levi,
1062 3037 1143 3096 vitae
1167 3056 1229 3096 non
1254 3035 1444 3116 accipiebant
1470 3035 1619 3106 decimat,
1645 3036 1704 3095 niei
1726 3038 1757 3095 in

347 3121 524 3193 tDomirma,
538 3119 872 3182 dcdiomneadcoimae
879 3122 1010 3183 lucilia
1062 3131 1207 3204 quantum
1219 3130 1303 3182 erant
1314 3120 1501 3182 secerdotum
1512 3123 1649 3195 ministri,
1664 3130 1757 3201 atque

347 3212 586 3288 spamaoaem
596 3226 659 3284 pro
670 3211 857 3283 ministerio,
868 3227 932 3285 quo
942 3227 1009 3270 eer-
1062 3209 1105 3269 ita
1119 3229 1179 3270 non
1198 3217 1319 3289 propter
1339 3209 1430 3288 ipaoe,
1453 3209 1505 3269 aad
1526 3219 1647 3289 propter
1661 3228 1755 3269 aecer·

347 3298 408 3359 bnt
428 3297 509 3357 milti
523 3299 560 3356 in
575 3295 783 3358 tetamento
796 3293 945 3374 foedarit.
966 3296 1010 3357 Et
1063 3295 1148 3359 dotto
1163 3296 1313 3356 dabantur
1327 3296 1373 3356 eia
1386 3293 1529 3357 decimae.
1550 3296 1656 3355 Altera
1670 3296 1756 3368 ratio,

347 3382 405 3446 tra:
421 3385 624 3459 Lepitlmum
643 3384 871 3459 sempiternam
895 3385 956 3443 crit
973 3386 1008 3445 ia
1063 3385 1136 3466 quia
1156 3384 1282 3444 Levitae
1303 3381 1435 3442 decimae
1461 3382 1652 3461 accipiebant
1677 3380 1756 3442 decl·

347 3469 571 3532 narcetem
588 3471 706 3531 cedria
1061 3469 1198 3544 mendae,
1213 3478 1248 3528 ut
1263 3469 1315 3549 qni
1331 3467 1476 3529 decimam
1491 3468 1625 3529 decimae
1639 3467 1757 3529 solvere

357 3557 417 3622 uit
431 3560 559 3640 primum
574 3557 741 3636 quaeritur,
763 3556 914 3636 quomodo
930 3556 1011 3617 dicat
1062 3556 1213 3619 debebant
1223 3553 1440 3616 sacerdotibua.
1464 3556 1575 3636 ltaque
1590 3554 1647 3614 ooli
1658 3574 1756 3615 aecer·

347 3646 488 3728 puolua,
511 3642 682 3704 sacerdotes
703 3642 815 3704 habere
835 3643 1009 3705 mandatnm
1063 3644 1148 3706 dotea
1168 3645 1213 3704 eic
1233 3642 1436 3723 accipiebant,
1458 3650 1492 3702 ut
1514 3664 1574 3703 non
1596 3643 1756 3702 solverent

347 3729 483 3812 tdpiendi
495 3729 791 3811 deeimaeapopulo,
807 3749 874 3791 cum
886 3732 937 3791 lex
949 3751 1009 3793 uon
1062 3732 1142 3792 Nem
1165 3730 1246 3812 quod
1269 3729 1319 3791 lex
1341 3730 1453 3804 statuit,
1476 3737 1510 3790 ut
1527 3731 1653 3792 Levitae
1674 3728 1756 3790 dcci·

347 3819 479 3899 accipiat
491 3818 633 3896 accipere,
646 3815 698 3876 eed
710 3816 790 3877 dare.
813 3816 1010 3897 Respondent
1061 3837 1141 3879 mem
1155 3827 1271 3899 partem
1286 3816 1419 3879 decimae
1442 3815 1514 3877 dent
1528 3817 1643 3877 Antoni
1657 3835 1755 3878 eaeor·

347 3901 500 3968 ‚unm
523 3913 553 3964 et
574 3901 748 3979 Saeboldne,
768 3902 942 3965 mandatum
965 3906 1008 3964 in·
1061 3905 1135 3976 doti,
1158 3925 1217 3965 non
1231 3903 1271 3966 ad
1285 3903 1383 3964 eolum
1402 3904 1573 3985 pontificem
1589 3901 1756 3984 putandum

347 3987 410 4073 fligi
419 3989 534 4073 populo
546 3988 660 4065 datum,
675 3990 730 4050 aad
740 4011 795 4071 pro
807 3990 1009 4053 sacerdotibus
1062 4001 1108 4052 eet
1122 3992 1282 4071 pertinere,
1301 3990 1383 4071 qnod
1397 3992 1488 4051 sentit
1501 3991 1639 4064 Liranna,
1655 3988 1709 4051 aed
1724 3992 1757 4051 in

347 4080 523 4154 utitutum3
556 4085 589 4137 ut
613 4096 719 4138 aeneae
745 4077 801 4137 ait:
834 4077 1008 4139 Mandatum
1061 4078 1183 4138 Acrone
1197 4080 1358 4156 posteritas
1380 4078 1454 4156 ejus,
1477 4097 1558 4160 quae
1579 4085 1643 4137 tota
1657 4097 1754 4137 aecer·

347 4165 432 4240 ht,
451 4185 514 4247 quo
536 4164 649 4244 popolo
671 4165 855 4244 praecipitur
876 4164 1009 4226 decimae
1062 4166 1173 4227 dotalia
1188 4171 1261 4237 arat,
1278 4164 1474 4244 intelligenda
1490 4167 1590 4240 venit,
1613 4164 1755 4244 quemad·

347 4255 387 4314 ἡ
407 4252 502 4328 ἅπας
528 4272 566 4311 ex
587 4267 649 4332 quo
672 4269 859 4330 consequent
880 4252 930 4324 lit,
956 4271 1009 4312 eoa
1060 4251 1181 4312 modum
1203 4259 1274 4333 poet
1296 4252 1326 4313 S.
1349 4250 1499 4313 ‘rhomam
1520 4251 1687 4331 Cajetanna
1711 4253 1754 4313 in·

347 4338 422 4402 tea
444 4347 626 4421 potentatem
648 4336 817 4418 accipiendi
837 4336 968 4400 decimae
989 4359 1009 4398 a
1060 4339 1180 4399 tellexit
1205 4339 1236 4399 in
1262 4342 1475 4400 commentario
1497 4338 1602 4412 Nom„
1629 4349 1661 4400 et
1685 4347 1756 4400 ante

347 4426 433 4508 pulo.
448 4425 564 4487 Verum
578 4424 744 4504 eimpliciue
757 4433 810 4499 aet,
825 4426 851 4485 ei
863 4423 1008 4498 dicamne,
1060 4434 1221 4507 utrumque
1236 4424 1270 4485 Β.
1287 4426 1500 4507 Hieronymus,
1516 4443 1669 4507 exponam
1682 4424 1755 4486 illud

347 4513 487 4576 ninum
502 4513 581 4572 anmi
596 4512 776 4591 generaliter
791 4531 846 4592 pro
861 4513 1005 4573 constitu·
1060 4511 1173 4572 Erech.
1190 4513 1255 4574 tta
1272 4514 1316 4575 Et
1326 4514 1385 4574 lone
1394 4522 1470 4576 eunt
1482 4516 1659 4591 primitiae,
1674 4530 1755 4590 quaa

347 4619 392 4662 ne
412 4600 500 4680 legia,
521 4600 588 4662 tire
607 4599 828 4679 praecipientia,
852 4602 918 4659 aive
938 4620 1005 4660 con·
1061 4600 1182 4660 tolletis.
1214 4599 1278 4659 Imo
1305 4610 1335 4659 et
1352 4600 1505 4681 Joaephoe
1531 4600 1582 4662 lib.
1605 4603 1634 4661 4.
1661 4600 1755 4679 antiq.

347 4686 682 4766 intiaaepotcetatem
697 4685 847 4757 facientia,
860 4687 927 4748 aive
942 4694 1006 4746 tan·
1059 4685 1133 4748 Jud.
1150 4706 1214 4766 cap.
1231 4690 1260 4748 4.
1285 4685 1347 4767 Qui
1362 4708 1444 4762 eane,
1460 4705 1526 4749 cnm
1542 4684 1683 4748 eacerdoe
1697 4686 1753 4746 Le-

347 4793 375 4835 ι
401 4772 611 4856 permittentia.
649 4773 702 4833 Sic
725 4772 795 4832 Act.
828 4773 875 4832 16.
905 4771 1006 4833 dicunt
1058 4774 1170 4834 vitione
1184 4771 1285 4847 luerit,
1306 4792 1392 4835 usum
1416 4774 1503 4853 hajne
1525 4774 1600 4853 legis
1615 4774 1755 4851 ignorare

347 4859 467 4942 putoli:
506 4860 650 4936 Quidem
674 4877 712 4921 ce
740 4858 831 4920 eoois
858 4868 1006 4924 caecam
1058 4881 1120 4921 non
1140 4861 1248 4937 potuit.
1280 4859 1341 4922 Sed
1364 4862 1505 4943 quoniam
1526 4860 1691 4940 Apoatolue
1711 4858 1753 4920 lo

347 4947 525 5010 riuum
537 4964 603 5018 voa,
619 4946 732 5023 quitur
747 4964 816 5007 noa
829 4948 1003 5008 mendaci-
1059 4949 1162 5029 quitur
1176 4945 1215 5006 de
1240 4948 1372 5018 decimis,
1394 4966 1472 5028 quae
1491 4945 1661 5009 cacerdotea
1676 4948 1753 5009 acci·

347 5053 390 5113 aa,
404 5032 510 5106 idm,
527 5031 774 5114 quibmnobia
788 5032 1007 5096 mnae-nea
1057 5033 1184 5116 piabant
1195 5034 1431 5121 noneLeeitia
1445 5032 1534 5095 aede
1547 5034 1669 5116 populo,
1683 5054 1752 5116 pro·
