4442 5825
410 596 484 664 740
925 583 1158 640 commestus
1175 582 1208 637 us
1225 583 1292 638 sss.
1309 583 1348 637 ss.

408 765 448 826 tis
471 765 503 825 in
529 763 595 844 ipso
621 766 766 842 conceptu
791 759 910 823 dieehst
943 779 1010 822 esse
1037 779 1105 821 eon·
1158 761 1231 834 erit,
1257 770 1291 820 ut
1312 757 1412 821 solvat
1433 778 1470 819 sc
1492 755 1630 818 destruct
1653 756 1760 819 Jssum
1774 755 1844 818 chri·

410 860 568 932 sumptsm.
624 849 674 910 De
712 867 772 928 quo
804 849 867 909 Leo
896 846 1039 909 Pontifex
1075 848 1105 906 iu
1158 858 1238 909 stum
1255 857 1286 908 et
1302 865 1426 926 regnum
1447 846 1523 924 ejus.

409 937 548 1018 Epistola
574 934 762 1015 supradicta:
794 935 878 1016 Quid
908 942 970 1010 cst,
1002 936 1106 1014 inquit,
1185 935 1252 1001 'Dc
1288 953 1350 1012 quo
1387 933 1538 1006 auduus,
1578 934 1738 1010 quonium
1766 934 1847 991 ussit

408 1024 528 1086 solvere
554 1027 678 1097 Jssssm,
709 1025 773 1084 nisi
800 1023 975 1084 humanam
1002 1020 1043 1080 ab
1069 1038 1105 1081 so
1158 1018 1292 1080 Graece:
1308 1010 1325 1078 δ
1341 1010 1512 1095 ἀκηκόατε,
1524 1028 1636 1079 neutro
1648 1037 1768 1098 gnoma
1778 1016 1847 1098 quod

408 1129 558 1189 separare
593 1117 765 1184 notorum,
806 1116 836 1169 st
871 1115 1104 1169 sacromentum
1158 1105 1197 1166 sd
1218 1107 1336 1184 πνεῦμα
1357 1106 1501 1179 refertur,
1527 1105 1559 1166 id
1581 1117 1630 1166 est
1651 1105 1802 1185 spiritum
1821 1113 1848 1163 nt

407 1199 500 1278 fidei,
524 1216 583 1275 per
608 1197 694 1273 quod
715 1214 818 1257 onom
844 1196 960 1256 sulooti
986 1212 1104 1267 sumus,
1157 1192 1333 1255 vertendum
1349 1193 1406 1253 sit:
1433 1212 1524 1271 qoem
1547 1193 1707 1268 audistis,
1733 1191 1787 1252 hoe
1804 1200 1848 1264 est,

407 1285 690 1362 impudentissimis
699 1281 1042 1359 svocuorsflpmcsstis?
1057 1279 1105 1340 Ad
1159 1279 1198 1341 ds
1218 1299 1281 1358 quo
1301 1283 1418 1357 spirito
1439 1279 1575 1341 audistis
1584 1325 1595 1356 ,
1623 1280 1730 1360 sitque
1753 1297 1848 1339 sensm

407 1372 488 1433 huno
502 1371 622 1432 tertium
639 1368 759 1431 modum
771 1369 907 1429 solvendi
922 1368 1028 1430 desum
1041 1387 1104 1447 per·
1158 1365 1345 1445 hujusmodi:
1372 1368 1503 1447 Spiritus
1529 1367 1581 1428 ille
1604 1366 1732 1426 solvens
1753 1364 1848 1425 Jesum

407 1459 504 1520 tinent
519 1465 549 1517 et
564 1457 623 1531 illi,
647 1458 700 1537 qui
723 1465 840 1536 partem
857 1456 988 1535 aliquam
1004 1454 1105 1515 hnms·
1159 1452 1379 1533 quodammodo
1408 1455 1532 1535 spiritus
1567 1463 1612 1513 est
1647 1454 1743 1533 ipsius
1774 1452 1846 1511 Anti·

407 1564 466 1607 nne
494 1554 622 1607 natursc
652 1543 770 1605 Christo
805 1541 1035 1617 subtrsxeruut3
1073 1549 1107 1600 ut
1160 1540 1279 1616 christi,
1300 1561 1409 1620 nempe
1424 1561 1478 1621 per
1493 1559 1677 1603 eonsensum
1693 1537 1849 1612 doctrinm

407 1632 513 1704 Arius,
534 1633 587 1711 qui
603 1632 733 1691 unimam
754 1630 913 1690 humanam
928 1627 1055 1699 demit,
1075 1634 1106 1687 et
1160 1626 1280 1708 dequo
1305 1630 1413 1709 spiritu
1436 1628 1614 1689 Antichristi
1644 1624 1786 1687 trsditum
1808 1646 1848 1684 sc

408 1717 601 1796 Apollinaris,
619 1718 670 1797 qui
686 1723 825 1787 mentem,
845 1714 957 1791 dicens,
971 1715 1104 1776 Verbum
1160 1716 1297 1795 cepistis,
1328 1716 1409 1795 quod
1439 1716 1477 1774 sit
1502 1722 1663 1775 venturus.
1701 1711 1848 1773 Sciendum

409 1804 544 1866 divinum
560 1803 605 1864 illi
621 1824 674 1885 pru
695 1812 792 1863 mente
807 1801 909 1862 inisse.
946 1800 1025 1862 Nam
1041 1802 1107 1862 siue
1159 1809 1268 1876 tumen,
1284 1811 1406 1863 exstare
1419 1801 1546 1874 Graeca,
1562 1821 1645 1881 quse
1658 1802 1705 1860 sic
1716 1799 1846 1860 hshemt:

408 1900 507 1953 mente
534 1900 566 1951 et
591 1891 692 1952 animo
717 1910 778 1950 uon
812 1888 949 1949 consistit
974 1889 1106 1949 humens
1159 1879 1208 1946 des
1233 1879 1410 1967 ἀκηκόαμεν
1417 1935 1428 1966 ,
1454 1878 1504 1947 ὅτι
1528 1881 1680 1965 ἔρχεται,
1707 1889 1846 1964 quonium

408 1988 521 2041 ustum
1159 1970 1228 2052 (seu
1254 1971 1528 2055 quondoquidem)
1548 1975 1755 2048 audivimus,
1775 1973 1848 2051 qood

452 2064 604 2145 Quoniam
615 2083 685 2123 vero
697 2079 807 2142 corpus
823 2058 935 2122 Christi
947 2060 1105 2141 mysticum
1159 2070 1314 2124 venturus
1334 2066 1389 2139 sit,
1416 2061 1535 2124 scilicet
1553 2062 1766 2123 Antichristus
1796 2057 1847 2121 Sed

410 2160 457 2213 est
471 2151 628 2223 Ecclesia,
655 2150 740 2228 cujus
758 2150 824 2228 ipse
847 2156 893 2206 est
908 2157 1013 2228 caput,
1036 2165 1107 2206 sere
1160 2157 1191 2211 et
1205 2148 1272 2210 lieri
1295 2152 1406 2229 potuit,
1433 2159 1465 2209 ut
1479 2149 1584 2220 scioli,
1611 2169 1675 2209 non
1697 2150 1848 2228 capientes,

409 2239 591 2311 dixerimus,
607 2238 697 2297 etiam
713 2235 780 2295 illos
795 2232 911 2294 solvere
927 2234 1040 2306 desum,
1056 2235 1105 2314 qui
1160 2235 1309 2318 quomodo
1324 2257 1426 2301 verum
1441 2239 1498 2309 sit,
1515 2235 1739 2297 Antichristum
1752 2236 1847 2304 venire,

410 2331 502 2406 caput
518 2324 574 2384 hoo
588 2345 606 2384 a
621 2343 676 2384 suc
691 2341 815 2403 corpore
830 2319 991 2395 divellunt,
1007 2319 1106 2380 dicen·
1160 2331 1192 2384 et
1221 2320 1315 2404 (qnod
1346 2319 1496 2404 sequitur)
1525 2342 1608 2384 nuno
1640 2323 1707 2402 jam
1737 2339 1800 2382 esse
1825 2321 1848 2379 ir

408 2421 470 2487 tes,
498 2411 647 2471 Christum
678 2429 764 2470 susm
789 2407 959 2469 Ecclesiam
987 2415 1108 2488 propter
1160 2409 1288 2485 mundo,
1314 2430 1481 2490 parumque
1504 2429 1653 2471 memores
1675 2410 1757 2489 ejus,
1782 2404 1848 2489 qnod

409 2498 619 2560 scandalorum
635 2494 859 2557 multitudinem
875 2493 1060 2568 deseruisse,
1079 2501 1108 2553 et
1161 2517 1254 2578 suprs
1279 2516 1345 2577 cap.
1372 2501 1402 2558 2.
1428 2497 1505 2558 dixit
1531 2497 1567 2557 B.
1594 2496 1752 2558 Juannes:
1776 2499 1848 2559 sind

409 2605 518 2647 novem
541 2584 597 2645 sihi
621 2583 734 2663 fingere
750 2580 914 2643 Ecclesium
937 2600 1109 2661 novumque
1161 2585 1314 2658 audistis,
1329 2587 1406 2662 quio
1417 2585 1633 2645 Antichristus
1645 2587 1752 2659 venit,
1767 2593 1846 2645 muts

410 2691 531 2753 corpus,
553 2670 697 2731 videlicet
712 2668 818 2743 exiis,
841 2669 893 2749 qui
907 2687 941 2730 se
954 2666 1109 2729 Reiorms·
1161 2674 1263 2732 verint
1284 2671 1341 2732 hoc
1359 2671 1425 2732 loco
1440 2659 1474 2729 ὃν
1489 2669 1692 2732 masculinum
1716 2672 1746 2731 iu
1760 2660 1777 2728 d
1790 2687 1846 2730 neu·

410 2769 459 2821 tos
482 2756 647 2839 appellant.
685 2755 826 2834 Denique
856 2754 963 2815 Jesum
990 2755 1111 2815 solvunt
1162 2766 1254 2831 num,
1276 2766 1311 2817 ut
1324 2756 1364 2818 ud
1378 2758 1513 2837 spiritum
1527 2756 1725 2831 Antichristi,
1750 2753 1847 2817 uonsd

414 2863 517 2906 ornnes
544 2844 604 2916 illi,
634 2842 685 2923 qui
708 2860 815 2921 corpus
842 2841 923 2921 ejus,
954 2841 1036 2920 quod
1066 2849 1111 2901 est
1162 2845 1262 2925 ipsum
1277 2843 1495 2905 Antichristum
1518 2843 1573 2903 het
1586 2844 1711 2906 relstio.
1745 2844 1848 2913 Vnum

413 2931 562 3005 Ecclesia,
590 2929 728 3001 solvunt,
751 2927 843 2989 idest
866 2927 1001 2990 lacerant
1015 2948 1052 2989 so
1067 2927 1108 2988 di·
1162 2950 1222 3011 quo
1237 2950 1328 2993 sensu
1350 2930 1388 2993 de
1402 2931 1588 2994 Antichristo
1604 2931 1745 2992 dicatur:
1769 2933 1847 3001 ossii,

411 3020 536 3092 sidunt,
564 3025 664 3079 sectus
681 3022 712 3075 et
726 3013 887 3076 schismata
901 3014 1063 3089 incientes,
1080 3024 1110 3075 et
1162 3017 1296 3080 Graece:
1318 3010 1464 3097 ἔρχεται,
1488 3016 1580 3079 verbo
1603 3021 1774 3098 praesentis
1791 3028 1846 3077 tan·

411 3125 465 3187 per
493 3103 552 3164 hoc
590 3101 798 3164 inconsutilem
829 3100 940 3163 Christi
979 3103 1109 3162 tunicam
1161 3106 1258 3185 poris,
1286 3107 1360 3166 satis
1383 3104 1487 3167 eodem
1511 3124 1579 3185 cap.
1603 3107 1635 3166 2.
1660 3126 1681 3166 a
1702 3105 1789 3167 nohis
1808 3122 1846 3165 sr-

412 3191 592 3255 seindentss.
1162 3191 1307 3273 plicatum
1330 3199 1390 3264 est,
1414 3190 1606 3271 dictumque,
1635 3192 1733 3254 verbo
1748 3191 1847 3255 Gnaeo

454 3278 498 3340 Et
511 3277 561 3339 hic
576 3284 621 3337 est
636 3276 857 3338 Antichristus.
888 3272 1022 3335 Grsece:
1038 3277 1110 3335 Ass·
1162 3296 1222 3339 non
1253 3287 1314 3339 tsm
1340 3277 1501 3357 significari
1535 3280 1745 3358 praesentiam
1774 3277 1847 3339 sdrs

410 3366 555 3440 tiohristi,
576 3363 712 3443 genitivo
728 3380 810 3422 casu
833 3360 883 3421 Sic
899 3368 999 3421 sutem
1015 3358 1108 3421 Grae·
1162 3364 1279 3440 nientis,
1297 3383 1388 3445 qusm
1403 3367 1587 3445 procinctum
1605 3386 1645 3426 sa
1659 3365 1847 3447 prsspsrstio
1892 3417 1893 3422 ,

411 3472 447 3514 cs
472 3451 593 3532 legunt,
619 3468 687 3509 oum
709 3468 749 3528 sp
771 3447 855 3507 ositis
878 3445 1030 3507 articulis:
1057 3436 1108 3504 καὶ
1162 3469 1230 3511 nem
1246 3450 1396 3532 quandam
1412 3449 1450 3512 sd
1465 3450 1645 3529 hujusmodi
1656 3452 1849 3532 praesentiam.

409 3529 502 3599 τοῦτό
525 3528 650 3639 doroth
672 3534 726 3594 τοῦ
750 3468 952 3637 Ξντξχρίοοτου..
996 3534 1039 3594 Es
1060 3534 1109 3636 hio
1162 3538 1280 3640 etiamsi
1297 3545 1415 3617 tempus
1434 3539 1547 3639 ipsum,
1570 3558 1631 3618 quo
1646 3538 1849 3603 sitsdiutum

409 3622 533 3772 itti?
550 3618 715 3788 stilti
728 3620 1108 3777 {inlidiii‘s‘iii
1161 3623 1849 3793 ilsiii⁰⁰ciid¹i¹⁰iiiid⁰iiiiifflz

409 3804 444 3857 ut
464 3797 613 3858 Irenaeus
635 3801 667 3855 et
693 3792 867 3875 Gypsisnus
893 3812 984 3873 suprs
1006 3794 1107 3868 eitnti3
1162 3798 1255 3877 Quod
1269 3805 1424 3859 uenturos
1438 3800 1485 3859 sit.

409 3902 534 3966 quorum
557 3883 610 3945 ille
632 3880 722 3961 legit:
748 3898 786 3941 ss
801 3881 996 3942 Antichristo
1002 3921 1013 3954 ,
1036 3882 1107 3939 iste:
1204 3885 1248 3945 m
1275 3902 1364 3947 nunc
1388 3888 1459 3959 Jam
1488 3889 1524 3946 tn
1549 3887 1679 3947 mondo
1710 3895 1764 3949 cst
1798 3884 1849 3946 nc

409 3969 782 4045 dsAntiolsrists'spiritu.
805 3967 884 4027 Item
897 3964 1106 4027 Tertullianus
1161 3977 1220 4030 est:
1249 3976 1330 4035 Jam
1360 3991 1447 4033 nnnc
1475 3972 1735 4035 interiunctae,
1759 3988 1849 4035 m

410 4055 555 4117 adversm
570 4057 713 4117 Marcion.
728 4053 780 4114 lib.
796 4055 825 4115 h.
841 4073 908 4132 cap.
927 4054 991 4126 16.,
1007 4072 1107 4131 proc·¹
1161 4063 1231 4132 tur,
1260 4058 1311 4119 vel
1341 4060 1464 4139 spiritus
1490 4058 1690 4135 Antichristi‚
1721 4061 1772 4122 rel
1798 4060 1850 4138 ipss

410 4160 569 4204 cursorem
586 4142 773 4205 Antichristi
792 4143 940 4217 spiritum
959 4139 1039 4200 hunc
1054 4159 1104 4198 vc·
1160 4144 1372 4218 Antichristus,
1382 4145 1473 4225 juxta
1488 4147 1604 4206 sariam
1620 4146 1784 4210 lectionem
1799 4162 1849 4226 pr

409 4248 490 4290 cens.
527 4227 692 4290 Onesimus
715 4245 836 4307 quoque
851 4228 1019 4305 genitivum
1034 4227 1105 4287 sori·
1159 4230 1198 4290 tis
1224 4231 1393 4312 superioris.
1429 4231 1509 4292 Nom
1535 4233 1660 4312 spiritus
1686 4227 1849 4297 Antishr'd

408 4314 453 4377 hit
469 4326 498 4376 et
513 4317 636 4396 exponit
650 4314 702 4375 lib.
719 4314 748 4373 ir.
764 4313 803 4373 de
819 4314 1025 4375 incarnatione
1041 4332 1105 4392 esp.
1156 4317 1256 4393 jnma
1277 4318 1459 4398 temporibus
1474 4318 1691 4399 Apostolorum
1717 4325 1750 4382 in
1763 4321 1848 4383 isar

409 4407 458 4464 11.
493 4402 645 4463 consonet
661 4408 692 4461 et
710 4399 789 4481 Syra
812 4398 1018 4480 psrsphrusis:
1045 4398 1106 4461 sco
1160 4405 1228 4463 ticis
1250 4406 1381 4479 exstitit,
1410 4406 1523 4465 semina
1543 4405 1700 4484 quaedam
1720 4420 1849 4490 sparge!

407 4490 457 4552 hic
484 4497 527 4550 sst
549 4489 590 4549 ab
611 4491 679 4565 ipso
700 4486 946 4564 pseudochristo.
991 4486 1106 4548 Sensus
1161 4488 1255 4550 futuri
1277 4492 1361 4571 regni
1375 4489 1562 4552 Antichristi.
1600 4491 1678 4572 Ipse
1700 4496 1790 4556 etiam
1803 4493 1849 4553 As

408 4585 507 4637 sutem
524 4583 587 4637 est:
610 4575 672 4637 Hic
686 4574 824 4654 spiritus,
842 4575 892 4654 qui
908 4592 968 4633 uon
983 4572 1106 4634 contte·
1160 4576 1314 4638 tichristns
1325 4578 1389 4655 jsm
1407 4579 1437 4638 in
1452 4577 1562 4639 mundo
1578 4587 1644 4653 est,
1666 4589 1699 4641 et
1713 4581 1785 4644 olim
1798 4593 1850 4640 ut

406 4670 469 4736 tur,
494 4662 603 4723 Jesum
630 4660 781 4722 Christum
808 4661 839 4720 in
865 4678 954 4720 carne
979 4662 1106 4732 venisse,
1160 4666 1259 4743 coepit
1275 4662 1436 4725 secundnm
1454 4665 1664 4727 membrosus
1679 4676 1847 4749 etprssus·

406 4748 461 4810 sed
477 4748 569 4809 solvit
584 4749 707 4820 desum,
734 4746 858 4827 spiritus
882 4756 926 4806 est
946 4746 1027 4806 illius
1043 4745 1105 4806 An·
1159 4770 1243 4811 soros
1265 4750 1446 4826 haereticos,
1469 4769 1593 4831 regnum
1622 4753 1722 4834 ipsius
1748 4770 1847 4836 prov

406 4833 549 4910 tiohristi‚
576 4834 607 4895 id
623 4843 678 4908 est,
703 4834 779 4895 hsec
803 4831 940 4894 doctrine
963 4853 1029 4893 cum
1052 4853 1105 4894 suo
1160 4847 1274 4897 ventes.
1304 4836 1391 4917 Quae
1413 4836 1492 4899 duae
1514 4842 1726 4919 expositiones
1748 4843 1778 4904 in
1791 4856 1848 4901 sss

408 4917 533 4981 doctore
544 4922 711 5001 praecurrit
723 4919 868 4982 satellitio
880 4920 1106 4991 Antichristum
1160 4921 1227 4984 dem
1243 4942 1362 4985 sensum
1386 4922 1542 5002 recidunt3
1564 4932 1689 4992 tametsi
1712 4929 1796 4991 locst
1808 4923 1847 4987 ἢ

407 5007 495 5086 cujus
511 5025 599 5068 omne
612 5005 745 5068 studium
761 5014 852 5088 atque
865 5014 987 5068 conatus
1003 5007 1034 5067 in
1049 5006 1106 5067 hoc
1159 5029 1224 5090 esp.
1243 5014 1271 5074 2.
1286 5013 1383 5092 magis
1397 5009 1514 5085 suadet,
1537 5021 1573 5073 ut
1588 5012 1629 5075 sd
1647 5014 1845 5079 Antichristfl

390 5161 422 5208 k.
