4442 5825
661 592 1299 664 merotmmluneosr.tms.ru.-1u
1619 600 1692 688 103

365 792 407 861 st,
433 804 489 864 epo
509 786 582 865 feci.
612 785 664 849 sie
686 786 745 847 ille.
782 786 853 848 Huc
871 786 946 847 iacit
999 785 1053 846 bus
1077 804 1116 846 ex
1143 752 1271 847 adverso
1295 787 1395 848 bonae
1408 770 1548 850 ¹ustiones
1571 772 1693 870 respou-

365 902 368 929 ι
395 874 567 954 exemplum
593 871 739 946 Desidia,
770 876 838 955 qui,
868 875 946 934 siout
998 872 1077 934 dont.
1117 872 1205 933 linde
1235 873 1318 935 Beda
1349 882 1487 946 annotat,
1520 876 1695 956 Apostolum

365 960 498 1041 rlBeg.
515 961 582 1033 25„
604 979 672 1020 enm
688 963 744 1020 irot
758 969 890 1022 armatus
905 962 944 1021 ad
998 958 1172 1032 ostendere,
1190 962 1266 1037 quio
1274 1006 1284 1036 ,
1301 961 1456 1039 quidquid
1469 962 1544 1023 boni
1560 967 1694 1040 cepimus,

365 1046 434 1109 dum
450 1046 585 1108 modicus
601 1046 703 1108 Nebsl
727 1055 757 1106 st
772 1049 943 1107 uuiversum
997 1048 1054 1107 hoe
1069 1049 1139 1107 Deo
1155 1046 1297 1108 donante
1317 1051 1519 1124 percipimus.
1554 1049 1696 1131 citatque

365 1134 502 1206 emiliam,
531 1142 706 1194 oecurrente
731 1135 789 1194 sibi
815 1136 945 1213 conjuge
998 1133 1071 1194 illud
1088 1133 1196 1193 Pauli:
1223 1136 1308 1213 Quid
1322 1133 1415 1195 iubes
1423 1180 1433 1210 ,
1458 1136 1543 1213 qnod
1558 1156 1625 1199 non
1640 1154 1696 1198 ne·

365 1220 483 1299 migetii,
505 1220 673 1280 aiaeinose
688 1220 862 1299 prohibitus,
878 1240 943 1298 gra·
998 1220 1130 1296 cepisti?
1157 1225 1169 1279 1
1185 1219 1254 1281 Gor.
1271 1224 1299 1282 4.

365 1308 390 1367 it
406 1307 489 1380 Dee,
515 1306 634 1368 dicens:
662 1309 852 1368 Benedictus
876 1309 945 1368 Do·
1040 1306 1132 1366 Valet
1147 1308 1238 1385 igitur
1253 1310 1373 1389 egregie
1387 1307 1435 1369 lric
1448 1308 1532 1369 locus
1548 1309 1694 1373 adsersus

370 1394 458 1455 Dens
472 1394 592 1468 lesaii,
620 1397 677 1471 qni
697 1396 783 1455 misit
804 1394 895 1454 nodie
915 1401 945 1453 te
998 1394 1108 1471 dogma
1124 1392 1258 1474 Pelagii,
1281 1396 1436 1474 negantis,
1464 1395 1576 1456 bonam
1591 1398 1696 1459 voluu-

364 1496 463 1541 rratnn
479 1498 582 1541 menen
599 1488 655 1541 ete.
997 1486 1089 1539 tatem
1106 1488 1136 1538 et
1151 1480 1230 1541 bona
1246 1499 1339 1561 opsrs
1354 1499 1418 1542 osse
1435 1484 1492 1542 Del
1507 1482 1596 1544 dona.
1629 1485 1696 1545 Nee

365 1566 471 1629 Nolite
486 1569 594 1644 ituqne
606 1582 734 1640 enata,
749 1567 868 1644 fratres
883 1568 945 1625 mci
998 1574 1058 1639 est,
1075 1564 1158 1646 quod
1174 1567 1358 1648 Pelagia'uus
1374 1570 1526 1649 quispiam
1543 1571 1627 1631 uobis
1643 1572 1695 1631 ol>-

364 1656 447 1714 simi.
470 1653 589 1714 Graece
610 1654 858 1733 etSysieoesiue
874 1660 945 1712 note
998 1654 1098 1725 iniat,
1128 1672 1187 1713 non
1217 1654 1300 1714 eliud
1329 1656 1507 1733 Apostolum
1538 1658 1619 1718 selle
1648 1658 1695 1719 hie

364 1742 403 1800 ia:
419 1742 465 1803 Ne
479 1742 599 1816 erretis,
613 1742 734 1818 fratres
752 1742 814 1799 mei
828 1740 943 1799 dilecti.
997 1738 1107 1809 verbis,
1130 1759 1218 1820 quam
1241 1742 1341 1802 omnio
1363 1740 1442 1801 boua
1468 1742 1540 1803 date
1566 1752 1597 1804 et
1618 1745 1697 1806 dona

364 1828 496 1888 litamen
509 1826 735 1907 praecedentia3
749 1828 836 1905 quasi
846 1827 943 1886 dicat:
998 1844 1065 1885 esse
1080 1847 1099 1885 a
1111 1826 1178 1886 Deo
1194 1826 1286 1888 deute
1302 1838 1332 1888 et
1346 1827 1495 1906 donaut03
1523 1842 1626 1891 nostra
1644 1848 1694 1893 att·

388 1914 495 1975 iratres
516 1915 591 1987 mei,
618 1913 697 1973 absit
722 1933 739 1971 s
763 1912 848 1971 vobis
864 1930 946 1972 error
997 1922 1055 1971 tem
1070 1911 1150 1974 bona
1165 1932 1259 1993 opere
1270 1936 1329 1974 nou
1346 1913 1495 1976 eseedato
1510 1917 1695 1993 enidensis,

364 1999 527 2073 tastobilis¹
554 2011 588 2060 ut
609 2002 790 2061 tentationes
807 2008 943 2078 peccato·
998 1998 1050 2058 sed
1066 2016 1133 2060 esse
1149 2000 1234 2060 nobis
1250 2022 1268 2061 a
1293 2001 1481 2080 nobisipsis.
1512 2005 1696 2085 Respondso

364 2110 370 2149 ι
402 2087 503 2148 Deum
532 2088 694 2166 rejiciatis3
725 2106 791 2147 oum
823 2086 874 2144 ille
904 2087 945 2145 sit
998 2087 1084 2153 euim.
1100 2086 1231 2167 phrasim
1247 2106 1314 2149 esse
1329 2089 1491 2167 Scripturie
1507 2090 1695 2166 familiarem,

365 2182 400 2235 et
413 2174 480 2235 ioue
496 2177 592 2234 omnis
606 2173 686 2233 boni.
711 2171 800 2253 Quod
812 2173 876 2251 jem
892 2171 943 2231 do·
998 2190 1059 2250 qus
1075 2172 1124 2231 vel
1139 2175 1231 2247 aetio,
1253 2175 1300 2233 uel
1317 2176 1441 2234 effeetus
1457 2196 1511 2255 pro
1527 2198 1559 2238 re
1575 2178 1695 2258 objecta

365 2261 508 2323 nautibus
524 2260 642 2320 verbis:
1000 2259 1132 2336 ponitur,
1148 2269 1181 2318 ut
1198 2260 1258 2320 tob
1276 2264 1320 2322 3.:
1351 2264 1478 2337 Timor,
1495 2282 1588 2340 quem
1602 2268 1696 2327 time·

364 2348 466 2411 Omne
481 2348 592 2407 dotem
610 2349 782 2424 optimum,
807 2353 836 2405 et
852 2362 945 2407 omne
998 2345 1087 2419 bom,
1113 2350 1217 2406 euenit
1239 2348 1336 2423 mini5
1367 2352 1504 2428 sequitur
1527 2354 1622 2412 enim:
1653 2355 1696 2415 Et

363 2458 367 2493 ι
375 2436 558 2514 perfectum
569 2434 734 2494 desursum
746 2441 797 2493 est.
815 2432 944 2493 Graeco:
998 2433 1083 2508 qnod
1104 2434 1252 2507 verebor,
1277 2436 1411 2512 occidit5
1432 2444 1461 2496 at
1477 2436 1589 2498 Pselm.
1607 2440 1695 2500 lom:

382 2522 472 2582 detio
499 2522 601 2596 bonu,
629 2529 657 2581 ct
684 2522 786 2580 omnis
811 2519 945 2579 donatio
999 2520 1238 2595 concupierunt
1263 2524 1549 2597 concupiscentium
1577 2530 1613 2585 in
1639 2526 1695 2586 de·

363 2612 582 2685 mesnpernia
597 2615 649 2667 est.
679 2605 739 2667 Sed
756 2615 838 2666 reete
853 2608 943 2665 inter·
997 2614 1097 2679 serto,
1129 2625 1195 2666 cum
1225 2606 1264 2667 de
1289 2609 1422 2669 earnium
1450 2614 1695 2692 concupiscentis

363 2694 471 2757 tubalia
494 2715 548 2775 per
569 2695 681 2754 dotum
704 2700 735 2751 et
756 2692 876 2754 deinum
893 2712 943 2753 ex·
997 2693 1177 2772 loqueretur.
1213 2694 1260 2754 lta
1275 2694 1347 2754 dicit
1361 2696 1512 2771 docebor,
1540 2718 1627 2760 omue
1643 2700 1693 2781 da7

403 2782 565 2858 Optimum
582 2789 680 2842 autom
701 2798 755 2858 pro
771 2779 853 2840 bono
869 2778 945 2838 dixit
998 2786 1060 2838 tum
1088 2780 1197 2840 bonnm
1225 2789 1256 2839 et
1280 2798 1371 2842 omne
1393 2782 1504 2844 donum
1529 2787 1694 2865 perfeetum

363 2888 413 2943 ro,
439 2869 517 2929 sicut
539 2868 731 2929 dilectissimi
754 2885 808 2946 pro
831 2866 945 2927 dilecti.
999 2884 1066 2926 esso
1081 2864 1255 2940 desursum,
1276 2870 1382 2949 utique
1397 2870 1564 2950 siguificare
1579 2874 1695 2949 volsus,

363 2955 408 3016 ulo
424 2955 564 3017 differant
585 2975 622 3015 ex
637 2953 775 3035 Apostoll
792 2955 945 3014 sententie
998 2955 1216 3027 omnebonum,
1235 2956 1445 3037 quodcumque
1457 2957 1610 3035 habemus,
1627 2979 1695 3023 esse

363 3033 545 3120 tdo'rpnpn,
565 3043 676 3102 dotum
692 3048 721 3100 et
734 3040 868 3114 donum,
885 3059 944 3100 nou
998 3040 1101 3100 datum
1124 3060 1142 3099 u
1164 3042 1247 3118 Deo;
1273 3051 1305 3103 et
1327 3063 1414 3103 omne
1438 3048 1605 3124 perlectum
1628 3067 1695 3110 esse

382 3129 476 3200 Sunt,
500 3131 553 3208 qui
568 3129 664 3190 velint
678 3145 744 3188 esse
766 3145 944 3206 synonyma,
997 3126 1108 3186 slouum
1131 3127 1199 3188 Dei.
1233 3129 1337 3189 Simile
1361 3138 1407 3190 est
1433 3131 1506 3192 illud
1528 3135 1603 3194 Luc.
1629 3139 1693 3196 11.:

362 3215 481 3297 §uadem
504 3217 642 3295 repetitio
658 3213 696 3274 sd
712 3214 944 3274 inculcationem
997 3215 1112 3287 sivos,
1129 3217 1386 3290 cumsitismoii,
1403 3220 1694 3282 nostisltonudoto

362 3322 401 3364 ae
414 3301 608 3363 vehementer
622 3302 818 3363 necessariae.
854 3301 944 3381 Quod
997 3297 1041 3376 (id
1057 3311 1103 3359 est
1117 3319 1165 3360 res
1181 3299 1287 3377 bonas)
1303 3303 1382 3362 doce
1395 3303 1472 3380 tiliis
1487 3315 1605 3368 uestris.

363 3389 469 3470 probo.
502 3390 690 3470 Quamquam
707 3386 758 3446 elii
773 3387 887 3448 malunt
902 3386 943 3446 di·
1040 3388 1239 3448 Descendens
1254 3407 1274 3449 e
1290 3390 1386 3449 Potsc
1401 3391 1569 3453 lominum.
1600 3394 1693 3456 Varie

362 3495 418 3548 ue,
433 3483 468 3535 ut
479 3476 590 3536 dotum
607 3475 644 3535 sd
660 3481 806 3546 usturam,
821 3475 943 3535 denum
997 3473 1053 3533 hoo
1068 3476 1238 3553 exponitur.
1263 3475 1391 3553 Quidum
1412 3478 1573 3557 significari
1586 3489 1694 3561 putant

362 3567 430 3624 iam
454 3560 611 3625 tetstatur.
648 3562 726 3621 Nam
749 3561 779 3620 in
795 3560 943 3621 vocabulo
996 3561 1110 3620 lumina
1124 3561 1274 3636 increata,
1302 3563 1332 3623 id
1357 3573 1402 3623 eat
1419 3564 1532 3626 Filium
1556 3577 1585 3628 et
1600 3569 1691 3648 Spiri-

362 3669 395 3710 su
410 3650 597 3711 donationis
619 3649 715 3728 magis
737 3657 863 3726 apparet
877 3665 942 3726 gra·
996 3658 1059 3708 tum
1082 3657 1218 3707 sanetum
1242 3650 1344 3710 aDeo
1366 3650 1455 3711 Patre
1477 3654 1690 3733 procedentes;

362 3736 533 3816 iguifieatio.
570 3735 708 3796 Douetur
737 3735 828 3807 enim,
861 3733 942 3812 ‹pnod
996 3732 1143 3813 siquidem
1173 3746 1301 3815 uterque
1331 3755 1434 3798 eorum
1464 3747 1512 3799 est
1537 3743 1624 3802 Dens
1652 3742 1691 3804 de

362 3823 449 3884 latur.
487 3822 559 3902 Quo
574 3823 707 3903 pertinet
726 3821 813 3880 etiem
830 3822 941 3900 opitho·
998 3823 1083 3893 Deo,
1099 3823 1251 3883 etlumen
1268 3823 1445 3885 delumine.
1468 3825 1528 3886 Sed
1543 3827 1692 3890 reiellltuc

362 3911 464 3988 electi.
498 3910 575 3970 Nam
598 3911 697 3988 pretia
720 3907 837 3987 perlicit
856 3917 937 3968 natu·
996 3908 1044 3967 hic
1060 3907 1232 3967 intellectus
1249 3930 1287 3969 ex
1304 3912 1451 3971 voeabnlo
1467 3913 1582 3974 Petris.
1612 3916 1691 3978 Nem

362 3993 443 4076 Quod
463 3998 522 4056 uit:
548 3996 730 4067 desursum,
760 3986 898 4069 iretis,
926 4013 942 4054 e
996 3996 1054 4054 etsi
1080 3993 1210 4073 Spiritus
1236 4007 1357 4057 sauctus
1382 4015 1497 4077 aequo,
1523 4011 1557 4060 ut
1582 4001 1690 4077 Filius,

362 4085 410 4160 is,
440 4081 470 4143 id
500 4090 546 4144 ost
572 4101 590 4142 e
615 4080 715 4154 coelo,
745 4083 943 4160 metonymice
996 4081 1281 4158 dicipossitlumen
1304 4083 1488 4156 delumine,
1514 4097 1690 4152 nontamen

361 4168 602 4250 fignificateoeli
614 4168 820 4228 habitatorem.
844 4167 942 4247 Quem
996 4166 1111 4226 admitti
1126 4167 1217 4228 debet
1232 4167 1282 4229 hie
1296 4187 1409 4242 sermo,
1432 4171 1530 4234 Deum
1551 4194 1618 4237 essa
1635 4179 1689 4236 Pa·

362 4254 577 4335 .axplieabuut
591 4255 683 4314 verba
698 4256 863 4333 sequentia.
887 4255 940 4314 Di·
995 4263 1069 4313 trem
1085 4251 1210 4314 sistorum
1233 4256 1392 4330 luminum,
1418 4257 1490 4320 Filii
1512 4271 1543 4322 et
1559 4263 1690 4343 Spiritus

361 4351 437 4404 utem
453 4340 847 4415 Desmbabitareiuooelo‚
870 4343 942 4419 quie
995 4341 1106 4410 sanctis
1137 4343 1180 4400 sie
1205 4344 1282 4402 enirn
1312 4346 1342 4404 iu
1367 4345 1479 4407 divinis
1505 4359 1605 4410 essent
1630 4350 1689 4411 dno

361 4447 472 4490 seuam
486 4428 530 4489 ibi
545 4428 723 4488 muuiiestst
994 4427 1071 4487 Filii.
1095 4426 1185 4506 Quod
1201 4438 1248 4488 est
1262 4449 1280 4488 a
1292 4449 1366 4492 sana
1377 4431 1436 4492 tide
1450 4433 1590 4495 alienum.
1614 4436 1689 4497 Item

361 4535 384 4576 u
405 4517 555 4576 muntia
569 4512 707 4595 Apostoli
722 4513 870 4592 generalis
886 4522 942 4586 est,
995 4513 1138 4572 refellitur
1154 4515 1201 4574 lric
1217 4520 1461 4592 commentarius,
1485 4522 1555 4599 quia
1578 4524 1608 4581 iu
1623 4523 1690 4583 Deo

361 4611 429 4676 aet,
443 4603 542 4662 Deum
557 4601 655 4661 omnis
669 4599 753 4671 boni,
780 4600 941 4679 quodcnm·
994 4619 1054 4660 uou
1068 4610 1137 4660 sunt
1153 4602 1290 4681 ponenda
1314 4605 1427 4665 lumina
1442 4605 1611 4685 pluraliter,
1635 4609 1689 4670 scd

364 4688 454 4752 uobis
469 4696 530 4761 est,
552 4699 704 4750 auctorem
727 4706 794 4748 esse
813 4695 844 4747 et
859 4686 942 4747 dato·
994 4705 1085 4747 nuum
1112 4687 1229 4760 lumen,
1255 4691 1332 4750 siout
1358 4701 1402 4751 est
1428 4709 1504 4751 uuus
1535 4694 1633 4769 Deus,
1660 4704 1690 4757 at

361 4775 408 4838 ua
419 4774 559 4836 naturale
572 4777 612 4834 sit
625 4773 751 4846 bonum,
776 4774 842 4834 eive
856 4781 941 4833 natu·
994 4792 1072 4833 uuus
1087 4774 1242 4834 Dominus.

362 4861 527 4924 sditionem
557 4879 722 4940 supereum
756 4870 787 4920 et
815 4859 882 4920 sivo
911 4861 943 4919 iu
1037 4859 1134 4919 Multo
1149 4861 1242 4939 igitur
1264 4865 1376 4924 rectius
1398 4864 1577 4944 intelligitur
1591 4866 1629 4928 de
1643 4869 1688 4928 ln·

361 4948 520 5022 mutatas,
535 4949 603 5007 sivo
617 4950 649 5007 in
664 4955 750 5021 aotu3
766 4947 942 5027 praesertim
994 4946 1122 5007 minibus
1145 4949 1268 5019 creatis,
1291 4960 1325 5008 ut
1345 4952 1435 5010 totius
1451 4951 1611 5014 trinitans
1628 4953 1689 5036 epi-

361 5035 514 5116 rpeuastis
526 5042 599 5095 auto
612 5032 705 5094 fuerit
725 5031 859 5107 loeutus,
877 5035 941 5114 qui·
994 5031 1096 5104 theton
1124 5035 1176 5093 ait:
1206 5036 1305 5095 Potes·
1333 5035 1513 5116 laminnm5
1549 5043 1689 5122 quamvls

1411 5136 1482 5205 26⁸
