4442 5825
815 585 978 642 dimoti!
995 586 1012 641 l.
1030 584 1118 640 estu
1134 583 1229 641 sumi.
1246 584 1331 640 tms.
1353 585 1392 640 ld.
1413 585 1452 641 15.
1751 592 1825 662 Ml

379 762 601 828 beatitudiuem
613 768 744 846 exponit,
754 767 907 846 iuquiens:
920 767 1081 846 Quoniam
1136 766 1329 825 exercituum
1344 765 1449 841 ipsum
1463 763 1665 841 sonctificate.
1689 764 1782 824 Forte
1794 763 1829 824 B.

379 855 524 931 ipsorum
540 861 728 930 estrepnum
740 856 910 927 coelestem,
927 853 1031 913 Matth.
1049 854 1077 915 5.
1135 851 1244 911 Petrus
1259 850 1370 911 idcirco
1386 849 1536 910 Christum
1554 850 1829 923 nominareroluit,

430 940 591 1001 Timorem
607 948 712 1002 cutem
726 958 833 1002 eorum
847 960 887 1000 ne
902 941 1080 1000 timueritis.
1135 935 1168 997 ul
1191 938 1259 1016 ejus
1282 938 1421 997 innueret
1443 937 1645 1009 divinitatem,
1672 956 1765 1017 quum
1791 939 1832 997 sit

380 1026 506 1088 Eorum
521 1026 615 1087 refert
625 1027 705 1102 illos,
722 1029 774 1109 qui
786 1026 978 1106 praecedenti
993 1034 1079 1108 parte
1135 1023 1188 1084 ille
1199 1024 1336 1084 domiuus
1347 1025 1540 1094 exercituum,
1558 1024 1666 1104 dequo
1679 1026 1829 1104 Propheta

380 1113 630 1193 intelligebantur
645 1119 676 1175 iu
691 1135 767 1174 roco
778 1117 950 1191 potimini,
966 1113 1081 1173 scilicet
1135 1111 1272 1191 loquitur.
1296 1110 1411 1170 Sensus
1426 1111 1563 1191 Apostoli
1579 1119 1638 1171 est:
1661 1113 1710 1171 Ex
1725 1113 1828 1172 intimo
1861 1184 1867 1193 .

379 1206 400 1259 's
426 1200 514 1260 malis
541 1220 593 1260 seu
615 1201 867 1282 perseeutoubus.
905 1201 996 1272 Sunt,
1026 1202 1079 1279 qui
1134 1197 1223 1259 corde
1254 1196 1406 1258 Christum
1433 1198 1598 1257 Dominum
1623 1198 1827 1276 sonctificate,

379 1294 500 1368 partem
521 1287 600 1347 hauc
622 1291 666 1348 ita
691 1291 941 1368 interpretentur:
972 1287 1079 1346 Vester
1133 1285 1164 1345 id
1181 1294 1225 1344 est
1240 1284 1827 1365 sanetumecveremetuendumaguos·

378 1374 472 1434 timor
497 1393 557 1434 nou
587 1375 642 1447 sit,
669 1376 769 1457 qualis
799 1395 865 1435 esso
891 1373 966 1435 solet
991 1374 1079 1434 timor
1133 1374 1209 1447 eite3
1225 1379 1255 1431 et
1269 1371 1375 1443 talem,
1390 1380 1425 1431 ut
1439 1372 1627 1432 abomuibus
1638 1381 1828 1452 agnoscetur,

378 1460 516 1534 illorum,
541 1458 572 1520 id
588 1470 634 1522 est
648 1464 833 1534 mundanus,
864 1481 924 1542 quo
940 1463 1078 1520 timentes
1131 1457 1318 1538 praedicate,
1342 1477 1401 1519 uou
1424 1476 1561 1519 sermone
1576 1464 1707 1532 tautum,
1730 1458 1785 1521 sed
1798 1468 1829 1520 st

379 1549 521 1608 amittere
544 1549 723 1628 temporalia
744 1550 838 1620 bona,
862 1548 1003 1607 deserunt
1017 1549 1076 1606 vir·
1131 1545 1221 1604 robus
1246 1545 1327 1624 ipsIs.
1364 1544 1574 1605 Sanctificetur
1599 1548 1679 1607 enim
1703 1565 1721 1605 a
1742 1546 1827 1608 nobie

380 1636 457 1695 tutis
472 1653 508 1694 ac
519 1635 658 1714 justitiae
673 1636 799 1711 bouum,
822 1643 854 1695 et
875 1637 919 1696 sic
940 1637 1078 1694 amittunt
1131 1632 1217 1691 Deus
1232 1650 1286 1692 seu
1301 1651 1408 1692 nomeu
1424 1633 1499 1706 Dei,
1522 1631 1610 1710 juxta
1625 1633 1717 1693 illud:
1742 1634 1827 1697 Son·

378 1730 506 1782 aeterne
527 1721 615 1782 bona.
657 1724 699 1782 At
713 1725 811 1784 verior
825 1741 928 1783 sensus
945 1731 1006 1782 est:
1029 1720 1078 1781 Ne
1131 1719 1282 1796 ctificetur
1302 1737 1419 1779 nomen
1439 1727 1547 1795 tuum,
1575 1719 1742 1800 quandoid
1763 1722 1825 1800 egi·

379 1808 514 1868 timeatis
541 1819 747 1889 persecutores
773 1819 906 1883 vestros,
936 1816 1077 1869 terrorem
1130 1826 1196 1867 mus
1217 1805 1316 1866 verbis
1340 1815 1369 1864 et
1384 1806 1480 1879 iactis,
1497 1814 1527 1866 et
1549 1814 1613 1867 tota
1633 1815 1735 1870 nostra
1757 1826 1826 1868 oou·

378 1896 470 1956 vobis
484 1896 675 1958 immittentes
698 1899 859 1977 propositis
874 1896 1032 1977 suppliciis
1048 1903 1077 1955 et
1129 1896 1318 1968 versutione,
1343 1902 1376 1953 ut
1398 1913 1505 1956 nomeu
1521 1895 1579 1955 Dei
1594 1894 1784 1974 glorificetur.

379 1981 500 2042 demnis
516 1983 741 2062 temporalibus.
765 1985 821 2044 Est
837 1984 917 2043 enim
932 1983 1075 2044 Hebrais·
1174 1982 1419 2057 Paratisernper
1426 1981 1470 2041 ud
1478 1983 1728 2059 satisfactionem
1739 1985 1827 2043 omni

378 2089 465 2129 mus:
481 2072 590 2130 timere
605 2075 749 2131 timorem
766 2073 918 2145 aiicujus,
935 2070 965 2130 id
981 2078 1024 2130 ost
1039 2088 1077 2130 ea
1128 2069 1272 2144 poscenti
1294 2086 1349 2128 oos
1370 2071 1529 2130 rationem
1552 2069 1590 2129 de
1612 2088 1668 2144 ea,
1696 2088 1776 2148 quoe
1791 2073 1827 2130 in

378 2155 587 2217 formidabilia
601 2167 749 2232 metuere,
765 2176 842 2239 quae
857 2159 1008 2237 quispiam
1023 2159 1075 2216 mi·
1130 2154 1218 2214 uobis
1233 2161 1293 2229 est,
1309 2173 1370 2230 spe.
1395 2155 1486 2234 Quod
1502 2155 1622 2236 quidam
1639 2157 1756 2218 codices
1771 2157 1822 2218 ad·

379 2252 473 2303 natur
498 2242 547 2303 rel
575 2244 704 2304 adhibet.
743 2245 794 2305 Sic
821 2243 931 2304 Psalm.
955 2245 1021 2305 63.:
1048 2247 1076 2304 A
1131 2240 1219 2300 dunt:
1236 2249 1266 2302 et
1279 2242 1350 2319 tide,
1367 2245 1505 2322 quamvis
1520 2245 1610 2303 stium
1621 2243 1707 2303 Beda
1717 2243 1826 2321 legisse

379 2333 497 2391 timore
511 2333 634 2391 inimici
650 2335 736 2408 eripe
751 2335 893 2392 unimam
909 2349 1022 2404 mcum,
1046 2330 1077 2390 id
1130 2328 1263 2401 videtur,
1283 2347 1339 2388 nse
1354 2331 1385 2388 iu
1401 2328 1525 2390 Graecis
1541 2339 1602 2403 est,
1625 2349 1681 2391 noc
1696 2333 1727 2390 in
1742 2332 1825 2391 Lati·

381 2424 431 2477 est
453 2438 471 2477 a
493 2418 649 2496 periculis,
676 2438 755 2498 qnae
777 2419 906 2478 intentet
931 2419 1076 2477 iuimicus.
1132 2417 1178 2476 uis
1190 2416 1438 2495 castigatioribus.
1455 2415 1617 2496 Gregorius
1630 2436 1752 2497 quoque
1763 2437 1827 2497 par.

379 2502 461 2564 Vide
483 2507 588 2576 etiam,
615 2524 693 2584 quoe
715 2507 851 2585 superius
874 2513 1015 2564 annotata
1038 2505 1077 2564 od
1133 2505 1161 2562 2.
1178 2523 1267 2563 curae
1289 2511 1366 2582 past.
1390 2523 1454 2584 cap.
1475 2503 1544 2577 ult,
1572 2505 1667 2564 citans
1691 2505 1769 2564 hune
1784 2505 1825 2564 lo-

380 2589 474 2651 illud:
491 2593 564 2651 Non
578 2595 781 2667 pertimentes
791 2594 892 2653 ullam
906 2590 1078 2667 perturbo·

380 2681 511 2739 tionem.
544 2678 648 2739 Monet
671 2698 743 2760 ergo
766 2680 794 2739 S.
813 2679 938 2749 Petrus,
965 2697 1003 2739 uo
1017 2698 1077 2738 me·

380 2772 472 2824 tuant
486 2783 552 2838 eos,
569 2767 623 2844 qni
638 2786 670 2825 se
682 2773 805 2846 propter
815 2767 963 2846 justitiam
979 2785 1078 2844 perse·

381 2860 531 2932 quuntur,
558 2860 710 2933 tamquam
732 2853 850 2914 auferre
874 2854 946 2933 ipsis
961 2853 1080 2931 possint

380 2959 470 3000 suum
494 2939 621 3012 honum,
644 2960 703 3019 quo
726 2941 828 3001 felices
848 2948 930 3017 suut3
955 2958 1080 3020 quume

381 3027 533 3086 contrario
549 3028 628 3086 viam
640 3029 739 3106 potius
755 3029 827 3107 ipsis
838 3034 946 3107 parent
958 3025 996 3086 ad
1006 3027 1078 3086 'bea-

380 3111 551 3173 titudinem.

428 3201 472 3260 Et
493 3219 560 3259 non
583 3200 822 3261 conturbemini.
857 3199 946 3279 Quod
968 3202 998 3259 in
1014 3201 1078 3279 qui·

380 3285 509 3346 busdam
525 3284 674 3347 codicibus
690 3286 801 3366 legitur
823 3294 860 3346 ut
876 3307 928 3367 pro
945 3294 991 3360 et,
1017 3307 1079 3346 eor·

379 3370 539 3451 rigendum
555 3381 610 3433 est.
634 3372 762 3433 Graece:
778 3364 867 3451 μηδὲ,
887 3392 988 3451 neque
1003 3391 1080 3433 con·

380 3457 567 3534 turbemini,
584 3459 616 3517 id
632 3466 686 3532 est,
702 3479 739 3520 ea
753 3479 802 3520 res
816 3479 871 3521 ros
887 3482 947 3522 nou
963 3460 1080 3533 turbet3

1132 2610 1216 2662 enm,
1242 2610 1303 2650 nou
1326 2589 1453 2650 addidit
1487 2590 1564 2670 Syre
1584 2589 1705 2671 quidem
1727 2593 1826 2653 versio

1133 2678 1176 2737 sic
1192 2675 1296 2737 habet:
1312 2678 1361 2737 De
1377 2696 1430 2753 spe
1444 2677 1536 2754 fidei,
1560 2679 1641 2751 sire,
1668 2679 1747 2738 utin
1762 2678 1826 2739 lte.

1133 2763 1235 2823 codiee
1250 2762 1374 2842 legitur,
1390 2763 1428 2824 dc
1443 2782 1497 2840 spe
1511 2765 1587 2841 pidet
1597 2772 1727 2826 vestroe.
1764 2765 1826 2826 Sed

1131 2848 1162 2910 id
1177 2849 1292 2910 addidit
1307 2850 1418 2931 Syrus,
1433 2860 1468 2910 ut
1483 2850 1709 2933 paraphrastes,
1733 2852 1826 2932 expli·

1133 2957 1201 2997 care
1211 2939 1317 2999 volens
1329 2947 1457 2998 mentem
1464 2939 1499 2998 B.
1508 2941 1601 2999 Petri.
1625 2940 1826 3017 &defectio-

1132 3043 1204 3085 nem
1231 3023 1307 3084 dixit
1331 3027 1494 3105 interpres,
1528 3024 1608 3106 quod
1638 3026 1756 3087 Graece
1780 3035 1827 3088 est

1133 3104 1318 3187 ἀπολογίαν,
1340 3112 1370 3172 id
1386 3119 1433 3172 est
1448 3112 1681 3189 defensionem,
1704 3133 1825 3194 respou-

1131 3200 1244 3258 siouem
1260 3199 1300 3259 ad
1321 3217 1373 3272 ea,
1400 3217 1480 3279 quae
1502 3199 1605 3278 objicit
1627 3198 1825 3262 adversarius.

1134 3284 1286 3365 Quodque
1308 3288 1414 3346 vertit:
1447 3289 1624 3361 rationem,
1652 3288 1684 3346 in
1710 3286 1825 3347 Graeco

1133 3379 1194 3432 ost:
1219 3362 1308 3446 λόγον
1314 3415 1324 3445 ,
1344 3392 1399 3452 pro
1414 3390 1473 3453 quo
1489 3372 1584 3453 Syros
1600 3380 1630 3434 st
1644 3373 1747 3433 Latini
1762 3374 1825 3453 qui·

1132 3457 1381 3519 demsermonem
1390 3461 1615 3521 transtulerunt.
1636 3458 1825 3539 Quamquam

380 3543 439 3606 sed
459 3548 551 3606 animi
572 3547 769 3606 constantiam
789 3555 896 3608 tenete.
931 3548 980 3607 Ita
995 3544 1080 3608 chri·
1131 3564 1239 3606 seusus
1255 3544 1359 3606 eodem
1373 3545 1469 3618 redit,
1495 3547 1549 3627 qui
1571 3544 1743 3625 huiusmodi
1765 3553 1825 3606 est:

382 3633 993 3706 mssuosccnfirmastoan.14.:Non
1009 3640 1079 3694 tur·
1133 3632 1283 3713 Quoniam
1301 3632 1435 3694 infideles
1456 3652 1540 3712 spem
1562 3641 1710 3706 umnam,
1736 3651 1826 3712 quam

382 3717 476 3780 betur
491 3737 545 3780 cor
565 3727 711 3780 vestrum.
748 3721 842 3781 Porro
866 3741 927 3781 uon
947 3720 1079 3795 dubium,
1131 3718 1296 3781 inchristo
1310 3720 1426 3781 habetis
1437 3717 1475 3780 de
1486 3722 1550 3781 rita
1565 3728 1597 3781 et
1607 3720 1705 3799 gloria
1715 3719 1826 3791 futura,

381 3807 459 3886 quiu
475 3805 640 3885 Apostolus
656 3807 688 3866 iu
702 3806 759 3866 hac
773 3814 837 3868 tots
850 3808 1001 3868 sententia
1017 3809 1078 3867 imi·
1128 3808 1271 3885 jactitant
1292 3807 1411 3868 inanem
1428 3823 1509 3881 esse,
1535 3819 1695 3887 propterea
1709 3824 1825 3877 moneo,

380 3899 466 3953 tatus
481 3894 520 3952 sit
535 3893 559 3953 J
560 3895 669 3952 esaiam
686 3893 883 3974 Prophetam‚
902 3896 988 3974 cujus
1004 3893 1079 3954 haec
1132 3902 1166 3953 ut
1181 3912 1298 3973 semper
1311 3893 1448 3954 habeatis
1463 3894 1493 3954 iu
1508 3902 1661 3975 promptu,
1688 3892 1774 3953 velut
1789 3912 1824 3953 ex

381 3987 454 4039 suut
468 3978 560 4038 verba
583 3978 726 4060 populum
743 3979 904 4041 Judaicum
925 3980 1078 4042 consolan·
1131 3980 1289 4051 meditsto,
1314 3981 1554 4060 responsionem,
1580 4000 1641 4063 qus
1665 3998 1748 4060 spem
1773 3998 1824 4041 ve

380 4067 436 4140 tis,
452 4085 517 4145 cap.
535 4068 580 4126 8.:
600 4067 757 4127 Timorem
777 4072 843 4142 ejus
858 4067 972 4128 scilicet
987 4068 1077 4128 hosti·
1131 4075 1223 4127 stram
1239 4085 1291 4127 seu
1306 4066 1395 4126 tidem
1413 4066 1528 4145 glorias
1541 4077 1679 4147 speratae
1693 4069 1824 4128 notione·

380 4150 421 4212 lis
437 4148 600 4228 exercitus)
616 4172 656 4213 nc
672 4156 825 4229 timeatis,
842 4172 943 4231 neque
956 4173 1078 4231 paveo·
1130 4152 1220 4214 bilem
1249 4152 1434 4231 ostendatis3
1468 4155 1535 4214 sine
1564 4155 1602 4214 sit
1627 4154 1825 4227 adversarius,

379 4241 430 4299 tis.
468 4236 545 4298 Sunt
570 4240 648 4299 enim
675 4238 792 4300 Graeca
817 4260 938 4321 prorsus
964 4239 1078 4301 eadem.
1131 4241 1196 4302 sive
1207 4241 1354 4319 quispiam
1367 4239 1500 4302 discendi
1512 4260 1549 4301 eo
1564 4242 1677 4302 sciendi
1689 4240 1825 4321 cupidus,

372 4323 467 4407 'Quin
493 4326 532 4385 od
559 4324 687 4386 eundem
721 4325 818 4386 locum
845 4328 954 4387 alludit
980 4329 1078 4401 etiam,
1131 4330 1183 4410 qui
1196 4328 1339 4388 rationem
1356 4327 1476 4388 anobis
1491 4331 1607 4409 exigat,
1627 4347 1681 4389 cur
1695 4331 1726 4389 in
1741 4346 1826 4407 pree

379 4410 464 4494 quod
480 4414 632 4492 sequitur:
1131 4415 1209 4475 senti
1232 4416 1295 4473 vita
1316 4422 1378 4475 tam
1401 4413 1478 4476 dura
1500 4417 1671 4496 patiamini,
1694 4423 1824 4476 coutem-

426 4500 476 4559 15.
500 4500 676 4560 Dominum
699 4507 803 4559 cutem
821 4501 978 4562 Christum
1001 4519 1078 4561 son·
1129 4508 1233 4561 nentes
1248 4499 1423 4563 bonevitae
1438 4501 1539 4582 hujus.

379 4585 514 4663 mittente
529 4589 565 4647 in
581 4586 728 4647 cordibus
749 4590 867 4647 ucums.
907 4588 1076 4662 Christum,
1174 4585 1235 4647 Sed
1257 4586 1314 4647 hoc
1336 4608 1396 4648 non
1421 4591 1463 4649 ita
1489 4586 1709 4669 accipiendum,
1735 4607 1772 4648 ac
1798 4590 1825 4648 si

379 4670 514 4733 Grseee:
541 4674 665 4752 Deum,·
692 4674 810 4734 tametsi
835 4676 866 4733 iu
881 4674 1076 4735 translatione
1129 4673 1207 4735 velit
1228 4674 1366 4747 ·Petrus,
1403 4695 1505 4736 omues
1539 4674 1721 4736 Christianos
1758 4691 1825 4735 esse

378 4757 507 4840 Syriaca
521 4759 647 4839 legitur:
670 4762 817 4821 Messium
840 4779 892 4820 seu
909 4762 1075 4823 Christum.
1130 4760 1320 4842 Theologos,
1341 4762 1392 4840 qui
1414 4764 1513 4822 norint
1536 4760 1574 4822 ds
1595 4759 1665 4821 fidei
1679 4760 1822 4841 dogmati-

379 4843 471 4926 Quae
481 4845 571 4905 lectio
587 4848 677 4906 etiam
701 4848 731 4907 in
747 4846 899 4907 nonnullis
921 4854 968 4907 est
982 4847 1074 4907 Gras-
1129 4847 1185 4908 bus
1200 4857 1253 4908 aut
1268 4848 1419 4924 docendo,
1444 4857 1496 4908 aut
1510 4848 1717 4927 respondendo
1732 4847 1824 4910 disse·

378 4934 432 4994 eis.
477 4932 570 5013 Apud
595 4933 742 5006 Jessiam,
777 4940 839 4993 tem
869 4935 900 4994 iu
925 4933 1075 5007 Hebraeo,
1127 4954 1202 4995 rere.
1238 4934 1402 5011 Numquid
1424 4937 1502 4995 euim
1526 4953 1635 4995 omncs
1660 4935 1824 4997 doctores?

377 5025 469 5101 quam
486 5021 515 5080 iu
531 5018 648 5081 Grseoo
672 5021 715 5080 sic
730 5020 871 5081 habetur:
898 5023 1074 5082 Dominum
1128 5021 1259 5082 llioime.
1272 5023 1452 5082 Divisiones
1460 5024 1823 5098 emmcrcstorunsum
