<?xml version="1.0" encoding="UTF-8"?>
<!DOCTYPE html PUBLIC "-//W3C//DTD XHTML 1.0 Transitional//EN"
    "http://www.w3.org/TR/xhtml1/DTD/xhtml1-transitional.dtd">
<html xmlns="http://www.w3.org/1999/xhtml" xml:lang="en" lang="en">
 <head>
  <title>
</title>
<meta http-equiv="Content-Type" content="text/html;charset=utf-8" />
  <meta name='ocr-system' content='tesseract 3.04.00' />
  <meta name='ocr-capabilities' content='ocr_page ocr_carea ocr_par ocr_line ocrx_word'/>
</head>
<body>
  <div class='ocr_page' id='page_1' title='image "./guilielmiestiii01estigoog_0014.png"; bbox 0 0 4442 5825; ppageno 0'>
   <div class='ocr_carea' id='block_1_1' title="bbox 406 575 1248 671">
    <p class='ocr_par' dir='ltr' id='par_1_1' title="bbox 406 575 1248 671">
     <span class='ocr_line' id='line_1_1' title="bbox 406 575 1248 671; baseline 0 -38"><span class='ocrx_word' id='word_1_1' title='bbox 406 588 440 671; x_wconf 19' lang='lat'><strong>&#39;4</strong></span> <span class='ocrx_word' id='word_1_2' title='bbox 1025 575 1248 635; x_wconf 70' lang='lat' dir='ltr'><strong>molstum</strong></span> 
     </span>
    </p>
   </div>
   <div class='ocr_carea' id='block_1_2' title="bbox 389 752 1860 5050">
    <p class='ocr_par' dir='ltr' id='par_1_2' title="bbox 389 752 1860 5050">
     <span class='ocr_line' id='line_1_2' title="bbox 411 752 1858 837; baseline -0.003 -20"><span class='ocrx_word' id='word_1_3' title='bbox 411 754 534 817; x_wconf 76' lang='lat' dir='ltr'><strong>fuerunt</strong></span> <span class='ocrx_word' id='word_1_4' title='bbox 547 753 719 837; x_wconf 86' lang='lat' dir='ltr'><strong>approbati,</strong></span> <span class='ocrx_word' id='word_1_5' title='bbox 746 772 847 835; x_wconf 88' lang='lat' dir='ltr'><strong>neque</strong></span> <span class='ocrx_word' id='word_1_6' title='bbox 861 755 963 816; x_wconf 89' lang='lat' dir='ltr'><strong>statim</strong></span> <span class='ocrx_word' id='word_1_7' title='bbox 978 754 1063 815; x_wconf 90' lang='lat' dir='ltr'><strong>initio</strong></span> <span class='ocrx_word' id='word_1_8' title='bbox 1078 756 1110 816; x_wconf 90' lang='lat' dir='ltr'><strong>in</strong></span> <span class='ocrx_word' id='word_1_9' title='bbox 1206 754 1280 817; x_wconf 83' lang='lat' dir='ltr'><strong>Jam</strong></span> <span class='ocrx_word' id='word_1_10' title='bbox 1298 753 1380 836; x_wconf 85' lang='lat' dir='ltr'><strong>quad</strong></span> <span class='ocrx_word' id='word_1_11' title='bbox 1390 752 1435 827; x_wconf 83' lang='lat' dir='ltr'><strong>¹ad</strong></span> <span class='ocrx_word' id='word_1_12' title='bbox 1449 761 1583 817; x_wconf 82' lang='lat' dir='ltr'><strong>caeteras</strong></span> <span class='ocrx_word' id='word_1_13' title='bbox 1598 754 1780 834; x_wconf 90' lang='lat' dir='ltr'><strong>objectiones</strong></span> <span class='ocrx_word' id='word_1_14' title='bbox 1795 755 1858 814; x_wconf 87' lang='lat' dir='ltr'><strong>atti·</strong></span> 
     </span>
     <span class='ocr_line' id='line_1_3' title="bbox 412 837 1859 924; baseline -0.003 -21"><span class='ocrx_word' id='word_1_15' title='bbox 412 861 555 903; x_wconf 70' lang='lat' dir='ltr'><strong>monem</strong></span> <span class='ocrx_word' id='word_1_16' title='bbox 577 837 791 922; x_wconf 88' lang='lat' dir='ltr'><strong>scripturarum</strong></span> <span class='ocrx_word' id='word_1_17' title='bbox 814 841 915 902; x_wconf 88' lang='lat' dir='ltr'><strong>relati:</strong></span> <span class='ocrx_word' id='word_1_18' title='bbox 941 850 977 901; x_wconf 90' lang='lat' dir='ltr'><strong>ut</strong></span> <span class='ocrx_word' id='word_1_19' title='bbox 990 840 1108 921; x_wconf 82' lang='lat' dir='ltr'><strong>Apoca·</strong></span> <span class='ocrx_word' id='word_1_20' title='bbox 1162 850 1223 915; x_wconf 92' lang='lat' dir='ltr'><strong>net,</strong></span> <span class='ocrx_word' id='word_1_21' title='bbox 1239 843 1354 903; x_wconf 90' lang='lat' dir='ltr'><strong>infirma</strong></span> <span class='ocrx_word' id='word_1_22' title='bbox 1368 840 1459 924; x_wconf 86' lang='lat' dir='ltr'><strong>plane</strong></span> <span class='ocrx_word' id='word_1_23' title='bbox 1471 862 1507 902; x_wconf 86' lang='lat' dir='ltr'><strong>ca</strong></span> <span class='ocrx_word' id='word_1_24' title='bbox 1523 852 1672 923; x_wconf 73' lang='lat' dir='ltr'><strong>estquam</strong></span> <span class='ocrx_word' id='word_1_25' title='bbox 1688 843 1782 922; x_wconf 92' lang='lat' dir='ltr'><strong>primo</strong></span> <span class='ocrx_word' id='word_1_26' title='bbox 1793 841 1859 902; x_wconf 90' lang='lat' dir='ltr'><strong>loco</strong></span> 
     </span>
     <span class='ocr_line' id='line_1_4' title="bbox 412 927 1859 1008; baseline -0.001 -21"><span class='ocrx_word' id='word_1_27' title='bbox 412 928 508 1008; x_wconf 84' lang='lat' dir='ltr'><strong>lypsis</strong></span> <span class='ocrx_word' id='word_1_28' title='bbox 530 928 687 1003; x_wconf 71' lang='lat' dir='ltr'><strong>Ioannis,</strong></span> <span class='ocrx_word' id='word_1_29' title='bbox 704 935 735 987; x_wconf 89' lang='lat' dir='ltr'><strong>et</strong></span> <span class='ocrx_word' id='word_1_30' title='bbox 756 927 826 987; x_wconf 85' lang='lat' dir='ltr'>libri</span> <span class='ocrx_word' id='word_1_31' title='bbox 848 928 1107 988; x_wconf 83' lang='lat' dir='ltr'><strong>blachabaeorum.</strong></span> <span class='ocrx_word' id='word_1_32' title='bbox 1164 928 1266 989; x_wconf 86' lang='lat' dir='ltr'><strong>rerbis</strong></span> <span class='ocrx_word' id='word_1_33' title='bbox 1282 928 1423 1007; x_wconf 81' lang='lat' dir='ltr'><strong>Cajetaui</strong></span> <span class='ocrx_word' id='word_1_34' title='bbox 1437 929 1599 1008; x_wconf 86' lang='lat' dir='ltr'><strong>posuimus.</strong></span> <span class='ocrx_word' id='word_1_35' title='bbox 1630 929 1709 988; x_wconf 86' lang='lat' dir='ltr'><strong>Nam</strong></span> <span class='ocrx_word' id='word_1_36' title='bbox 1724 937 1757 987; x_wconf 90' lang='lat' dir='ltr'><strong>nt</strong></span> <span class='ocrx_word' id='word_1_37' title='bbox 1773 927 1859 987; x_wconf 90' lang='lat' dir='ltr'><strong>detur</strong></span> 
     </span>
     <span class='ocr_line' id='line_1_5' title="bbox 411 1013 1859 1094; baseline -0.001 -21"><span class='ocrx_word' id='word_1_38' title='bbox 411 1014 572 1074; x_wconf 74' lang='lat' dir='ltr'>Caeterum</span> <span class='ocrx_word' id='word_1_39' title='bbox 590 1032 749 1094; x_wconf 74' lang='lat' dir='ltr'><strong>progressu</strong></span> <span class='ocrx_word' id='word_1_40' title='bbox 766 1014 921 1093; x_wconf 88' lang='lat' dir='ltr'><strong>temporis,</strong></span> <span class='ocrx_word' id='word_1_41' title='bbox 942 1013 1109 1075; x_wconf 76' lang='lat' dir='ltr'><strong>accedente</strong></span> <span class='ocrx_word' id='word_1_42' title='bbox 1164 1016 1307 1075; x_wconf 89' lang='lat' dir='ltr'><strong>incertum</strong></span> <span class='ocrx_word' id='word_1_43' title='bbox 1323 1035 1361 1075; x_wconf 91' lang='lat' dir='ltr'><strong>ac</strong></span> <span class='ocrx_word' id='word_1_44' title='bbox 1375 1015 1499 1075; x_wconf 91' lang='lat' dir='ltr'><strong>dubium</strong></span> <span class='ocrx_word' id='word_1_45' title='bbox 1519 1034 1585 1075; x_wconf 86' lang='lat' dir='ltr'><strong>esse</strong></span> <span class='ocrx_word' id='word_1_46' title='bbox 1599 1015 1689 1094; x_wconf 86' lang='lat' dir='ltr'><strong>hujus</strong></span> <span class='ocrx_word' id='word_1_47' title='bbox 1703 1014 1859 1094; x_wconf 84' lang='lat' dir='ltr'><strong>Epistulae</strong></span> 
     </span>
     <span class='ocr_line' id='line_1_6' title="bbox 410 1099 1860 1182; baseline 0 -22"><span class='ocrx_word' id='word_1_48' title='bbox 410 1102 588 1181; x_wconf 88' lang='lat' dir='ltr'><strong>praesertim</strong></span> <span class='ocrx_word' id='word_1_49' title='bbox 604 1099 795 1161; x_wconf 88' lang='lat' dir='ltr'><strong>conciliorum</strong></span> <span class='ocrx_word' id='word_1_50' title='bbox 818 1100 1005 1174; x_wconf 82' lang='lat' dir='ltr'><strong>defiuitione,</strong></span> <span class='ocrx_word' id='word_1_51' title='bbox 1032 1101 1108 1160; x_wconf 87' lang='lat' dir='ltr'><strong>sicut</strong></span> <span class='ocrx_word' id='word_1_52' title='bbox 1164 1110 1335 1173; x_wconf 74' lang='lat' dir='ltr'><strong>auctorem,</strong></span> <span class='ocrx_word' id='word_1_53' title='bbox 1351 1100 1389 1162; x_wconf 96' lang='lat' dir='ltr'><strong>de</strong></span> <span class='ocrx_word' id='word_1_54' title='bbox 1405 1122 1467 1182; x_wconf 91' lang='lat' dir='ltr'><strong>qua</strong></span> <span class='ocrx_word' id='word_1_55' title='bbox 1481 1121 1600 1162; x_wconf 86' lang='lat' dir='ltr'><strong>remex</strong></span> <span class='ocrx_word' id='word_1_56' title='bbox 1614 1121 1755 1181; x_wconf 78' lang='lat' dir='ltr'><strong>agemus3</strong></span> <span class='ocrx_word' id='word_1_57' title='bbox 1778 1100 1860 1161; x_wconf 91' lang='lat' dir='ltr'><strong>nulla</strong></span> 
     </span>
     <span class='ocr_line' id='line_1_7' title="bbox 411 1184 1859 1268; baseline -0.002 -20"><span class='ocrx_word' id='word_1_58' title='bbox 411 1185 450 1248; x_wconf 86' lang='lat' dir='ltr'><strong>dc</strong></span> <span class='ocrx_word' id='word_1_59' title='bbox 465 1186 532 1247; x_wconf 89' lang='lat' dir='ltr'><strong>aliis</strong></span> <span class='ocrx_word' id='word_1_60' title='bbox 555 1187 721 1261; x_wconf 90' lang='lat' dir='ltr'><strong>nonnullis,</strong></span> <span class='ocrx_word' id='word_1_61' title='bbox 748 1187 792 1247; x_wconf 89' lang='lat' dir='ltr'><strong>ita</strong></span> <span class='ocrx_word' id='word_1_62' title='bbox 814 1193 844 1246; x_wconf 88' lang='lat' dir='ltr'><strong>et</strong></span> <span class='ocrx_word' id='word_1_63' title='bbox 863 1186 900 1246; x_wconf 93' lang='lat' dir='ltr'><strong>de</strong></span> <span class='ocrx_word' id='word_1_64' title='bbox 914 1184 1054 1266; x_wconf 78' lang='lat' dir='ltr'><strong>Epistola</strong></span> <span class='ocrx_word' id='word_1_65' title='bbox 1069 1186 1108 1246; x_wconf 91' lang='lat' dir='ltr'><strong>ad</strong></span> <span class='ocrx_word' id='word_1_66' title='bbox 1164 1197 1266 1248; x_wconf 86' lang='lat' dir='ltr'><strong>tamen</strong></span> <span class='ocrx_word' id='word_1_67' title='bbox 1279 1188 1396 1248; x_wconf 90' lang='lat' dir='ltr'><strong>ratione</strong></span> <span class='ocrx_word' id='word_1_68' title='bbox 1407 1207 1594 1268; x_wconf 91' lang='lat' dir='ltr'><strong>consequens</strong></span> <span class='ocrx_word' id='word_1_69' title='bbox 1610 1198 1656 1247; x_wconf 89' lang='lat' dir='ltr'><strong>est</strong></span> <span class='ocrx_word' id='word_1_70' title='bbox 1667 1189 1808 1248; x_wconf 78' lang='lat' dir='ltr'><strong>incertam</strong></span> <span class='ocrx_word' id='word_1_71' title='bbox 1824 1205 1859 1245; x_wconf 91' lang='lat' dir='ltr'><strong>ac</strong></span> 
     </span>
     <span class='ocr_line' id='line_1_8' title="bbox 409 1270 1857 1355; baseline -0.002 -21"><span class='ocrx_word' id='word_1_72' title='bbox 409 1272 574 1347; x_wconf 88' lang='lat' dir='ltr'><strong>Hebraeos,</strong></span> <span class='ocrx_word' id='word_1_73' title='bbox 590 1275 620 1333; x_wconf 92' lang='lat' dir='ltr'><strong>in</strong></span> <span class='ocrx_word' id='word_1_74' title='bbox 635 1275 806 1334; x_wconf 84' lang='lat' dir='ltr'><strong>universum</strong></span> <span class='ocrx_word' id='word_1_75' title='bbox 821 1273 960 1333; x_wconf 81' lang='lat' dir='ltr'><strong>submota</strong></span> <span class='ocrx_word' id='word_1_76' title='bbox 974 1270 1032 1332; x_wconf 84' lang='lat' dir='ltr'><strong>fuit</strong></span> <span class='ocrx_word' id='word_1_77' title='bbox 1048 1292 1107 1333; x_wconf 93' lang='lat' dir='ltr'><strong>om·</strong></span> <span class='ocrx_word' id='word_1_78' title='bbox 1161 1273 1283 1334; x_wconf 89' lang='lat' dir='ltr'><strong>dubiam</strong></span> <span class='ocrx_word' id='word_1_79' title='bbox 1297 1275 1430 1355; x_wconf 83' lang='lat' dir='ltr'><strong>relinqui</strong></span> <span class='ocrx_word' id='word_1_80' title='bbox 1455 1275 1548 1354; x_wconf 90' lang='lat' dir='ltr'><strong>ipsius</strong></span> <span class='ocrx_word' id='word_1_81' title='bbox 1563 1274 1719 1353; x_wconf 70' lang='lat' dir='ltr'><strong>Epistulae</strong></span> <span class='ocrx_word' id='word_1_82' title='bbox 1734 1274 1857 1334; x_wconf 87' lang='lat' dir='ltr'><strong>auctori·</strong></span> 
     </span>
     <span class='ocr_line' id='line_1_9' title="bbox 409 1357 1858 1442; baseline -0.003 -21"><span class='ocrx_word' id='word_1_83' title='bbox 409 1361 457 1421; x_wconf 87' lang='lat' dir='ltr'><strong>uis</strong></span> <span class='ocrx_word' id='word_1_84' title='bbox 483 1358 641 1421; x_wconf 86' lang='lat' dir='ltr'><strong>dubitatio.</strong></span> <span class='ocrx_word' id='word_1_85' title='bbox 680 1358 861 1440; x_wconf 77' lang='lat' dir='ltr'><strong>Quanquam</strong></span> <span class='ocrx_word' id='word_1_86' title='bbox 887 1358 967 1439; x_wconf 92' lang='lat' dir='ltr'><strong>quod</strong></span> <span class='ocrx_word' id='word_1_87' title='bbox 990 1357 1029 1419; x_wconf 91' lang='lat' dir='ltr'><strong>de</strong></span> <span class='ocrx_word' id='word_1_88' title='bbox 1050 1362 1106 1420; x_wconf 87' lang='lat' dir='ltr'><strong>La·</strong></span> <span class='ocrx_word' id='word_1_89' title='bbox 1159 1368 1260 1421; x_wconf 88' lang='lat' dir='ltr'><strong>tatem.</strong></span> <span class='ocrx_word' id='word_1_90' title='bbox 1294 1360 1455 1442; x_wconf 84' lang='lat' dir='ltr'><strong>Alioquin,</strong></span> <span class='ocrx_word' id='word_1_91' title='bbox 1484 1359 1541 1419; x_wconf 87' lang='lat' dir='ltr'><strong>hac</strong></span> <span class='ocrx_word' id='word_1_92' title='bbox 1563 1361 1681 1421; x_wconf 87' lang='lat' dir='ltr'><strong>ratione</strong></span> <span class='ocrx_word' id='word_1_93' title='bbox 1703 1360 1789 1420; x_wconf 91' lang='lat' dir='ltr'><strong>multi</strong></span> <span class='ocrx_word' id='word_1_94' title='bbox 1804 1359 1858 1419; x_wconf 91' lang='lat' dir='ltr'><strong>alii</strong></span> 
     </span>
     <span class='ocr_line' id='line_1_10' title="bbox 410 1445 1857 1526; baseline 0.001 -21"><span class='ocrx_word' id='word_1_95' title='bbox 410 1448 523 1506; x_wconf 71' lang='lat' dir='ltr'><strong>dantia</strong></span> <span class='ocrx_word' id='word_1_96' title='bbox 539 1446 714 1507; x_wconf 81' lang='lat' dir='ltr'><strong>etAruobio</strong></span> <span class='ocrx_word' id='word_1_97' title='bbox 726 1446 881 1524; x_wconf 88' lang='lat' dir='ltr'><strong>objiciunt,</strong></span> <span class='ocrx_word' id='word_1_98' title='bbox 897 1465 949 1507; x_wconf 89' lang='lat' dir='ltr'><strong>eos</strong></span> <span class='ocrx_word' id='word_1_99' title='bbox 961 1464 1106 1526; x_wconf 88' lang='lat' dir='ltr'><strong>nusquam</strong></span> <span class='ocrx_word' id='word_1_100' title='bbox 1159 1445 1228 1507; x_wconf 91' lang='lat' dir='ltr'><strong>libri</strong></span> <span class='ocrx_word' id='word_1_101' title='bbox 1250 1447 1409 1507; x_wconf 79' lang='lat' dir='ltr'><strong>reseatmdi</strong></span> <span class='ocrx_word' id='word_1_102' title='bbox 1434 1455 1534 1508; x_wconf 73' lang='lat' dir='ltr'><strong>essem</strong></span> <span class='ocrx_word' id='word_1_103' title='bbox 1554 1467 1573 1507; x_wconf 89' lang='lat' dir='ltr'><strong>a</strong></span> <span class='ocrx_word' id='word_1_104' title='bbox 1594 1466 1726 1524; x_wconf 81' lang='lat' dir='ltr'><strong>canonc3</strong></span> <span class='ocrx_word' id='word_1_105' title='bbox 1747 1456 1780 1506; x_wconf 90' lang='lat' dir='ltr'><strong>ut</strong></span> <span class='ocrx_word' id='word_1_106' title='bbox 1799 1446 1857 1506; x_wconf 85' lang='lat' dir='ltr'><strong>Ro·</strong></span> 
     </span>
     <span class='ocr_line' id='line_1_11' title="bbox 409 1530 1857 1612; baseline 0 -20"><span class='ocrx_word' id='word_1_107' title='bbox 409 1532 502 1592; x_wconf 87' lang='lat' dir='ltr'><strong>citare</strong></span> <span class='ocrx_word' id='word_1_108' title='bbox 529 1532 607 1593; x_wconf 92' lang='lat' dir='ltr'><strong>hanc</strong></span> <span class='ocrx_word' id='word_1_109' title='bbox 636 1531 819 1611; x_wconf 77' lang='lat' dir='ltr'><strong>Epistulam,</strong></span> <span class='ocrx_word' id='word_1_110' title='bbox 848 1530 938 1592; x_wconf 74' lang='lat' dir='ltr'><strong>facile</strong></span> <span class='ocrx_word' id='word_1_111' title='bbox 968 1531 1106 1591; x_wconf 88' lang='lat' dir='ltr'><strong>solvitur:</strong></span> <span class='ocrx_word' id='word_1_112' title='bbox 1159 1553 1245 1612; x_wconf 72' lang='lat' dir='ltr'><strong>gum,</strong></span> <span class='ocrx_word' id='word_1_113' title='bbox 1268 1533 1384 1607; x_wconf 87' lang='lat' dir='ltr'><strong>Paral,</strong></span> <span class='ocrx_word' id='word_1_114' title='bbox 1408 1533 1486 1605; x_wconf 89' lang='lat' dir='ltr'><strong>Jcb,</strong></span> <span class='ocrx_word' id='word_1_115' title='bbox 1516 1533 1706 1611; x_wconf 69' lang='lat' dir='ltr'><strong>Sapientiae,</strong></span> <span class='ocrx_word' id='word_1_116' title='bbox 1736 1532 1857 1592; x_wconf 87' lang='lat' dir='ltr'><strong>Macha-</strong></span> 
     </span>
     <span class='ocr_line' id='line_1_12' title="bbox 408 1618 1857 1699; baseline 0 -21"><span class='ocrx_word' id='word_1_117' title='bbox 408 1620 549 1699; x_wconf 88' lang='lat' dir='ltr'><strong>quoniam</strong></span> <span class='ocrx_word' id='word_1_118' title='bbox 564 1639 619 1679; x_wconf 91' lang='lat' dir='ltr'><strong>nec</strong></span> <span class='ocrx_word' id='word_1_119' title='bbox 634 1618 725 1693; x_wconf 89' lang='lat' dir='ltr'><strong>alias,</strong></span> <span class='ocrx_word' id='word_1_120' title='bbox 752 1618 810 1678; x_wconf 92' lang='lat' dir='ltr'><strong>uisi</strong></span> <span class='ocrx_word' id='word_1_121' title='bbox 825 1619 989 1691; x_wconf 76' lang='lat' dir='ltr'><strong>rarissime,</strong></span> <span class='ocrx_word' id='word_1_122' title='bbox 1016 1618 1107 1678; x_wconf 89' lang='lat' dir='ltr'><strong>citant</strong></span> <span class='ocrx_word' id='word_1_123' title='bbox 1159 1618 1317 1693; x_wconf 87' lang='lat' dir='ltr'><strong>baeorum,</strong></span> <span class='ocrx_word' id='word_1_124' title='bbox 1341 1619 1454 1680; x_wconf 89' lang='lat' dir='ltr'><strong>etalii:</strong></span> <span class='ocrx_word' id='word_1_125' title='bbox 1478 1638 1604 1698; x_wconf 91' lang='lat' dir='ltr'><strong>quorum</strong></span> <span class='ocrx_word' id='word_1_126' title='bbox 1626 1620 1684 1680; x_wconf 88' lang='lat' dir='ltr'><strong>etsi</strong></span> <span class='ocrx_word' id='word_1_127' title='bbox 1698 1620 1857 1699; x_wconf 84' lang='lat' dir='ltr'><strong>scriptores</strong></span> 
     </span>
     <span class='ocr_line' id='line_1_13' title="bbox 409 1704 1857 1787; baseline -0.001 -22"><span class='ocrx_word' id='word_1_128' title='bbox 409 1708 583 1787; x_wconf 87' lang='lat' dir='ltr'><strong>scripturas.</strong></span> <span class='ocrx_word' id='word_1_129' title='bbox 606 1708 681 1765; x_wconf 82' lang='lat' dir='ltr'><strong>Erat</strong></span> <span class='ocrx_word' id='word_1_130' title='bbox 692 1707 770 1766; x_wconf 89' lang='lat' dir='ltr'><strong>euim</strong></span> <span class='ocrx_word' id='word_1_131' title='bbox 781 1704 842 1765; x_wconf 88' lang='lat' dir='ltr'><strong>illis</strong></span> <span class='ocrx_word' id='word_1_132' title='bbox 854 1707 989 1766; x_wconf 88' lang='lat' dir='ltr'><strong>instituta</strong></span> <span class='ocrx_word' id='word_1_133' title='bbox 1005 1704 1105 1783; x_wconf 89' lang='lat' dir='ltr'><strong>dispu-</strong></span> <span class='ocrx_word' id='word_1_134' title='bbox 1159 1713 1213 1764; x_wconf 86' lang='lat' dir='ltr'><strong>aut</strong></span> <span class='ocrx_word' id='word_1_135' title='bbox 1238 1705 1427 1785; x_wconf 82' lang='lat' dir='ltr'><strong>ignoramus,</strong></span> <span class='ocrx_word' id='word_1_136' title='bbox 1454 1715 1590 1766; x_wconf 90' lang='lat' dir='ltr'><strong>autnon</strong></span> <span class='ocrx_word' id='word_1_137' title='bbox 1615 1707 1735 1765; x_wconf 90' lang='lat' dir='ltr'><strong>omniuo</strong></span> <span class='ocrx_word' id='word_1_138' title='bbox 1761 1712 1857 1765; x_wconf 85' lang='lat' dir='ltr'><strong>certos</strong></span> 
     </span>
     <span class='ocr_line' id='line_1_14' title="bbox 407 1790 1855 1872; baseline -0.001 -21"><span class='ocrx_word' id='word_1_139' title='bbox 407 1793 481 1853; x_wconf 84' lang='lat' dir='ltr'><strong>tatio</strong></span> <span class='ocrx_word' id='word_1_140' title='bbox 497 1801 599 1853; x_wconf 89' lang='lat' dir='ltr'><strong>contra</strong></span> <span class='ocrx_word' id='word_1_141' title='bbox 614 1791 763 1871; x_wconf 77' lang='lat' dir='ltr'><strong>gentiles3</strong></span> <span class='ocrx_word' id='word_1_142' title='bbox 790 1791 871 1871; x_wconf 90' lang='lat' dir='ltr'><strong>apud</strong></span> <span class='ocrx_word' id='word_1_143' title='bbox 886 1811 963 1872; x_wconf 90' lang='lat' dir='ltr'><strong>quos</strong></span> <span class='ocrx_word' id='word_1_144' title='bbox 978 1792 1105 1870; x_wconf 89' lang='lat' dir='ltr'><strong>scriptu·</strong></span> <span class='ocrx_word' id='word_1_145' title='bbox 1157 1791 1320 1866; x_wconf 83' lang='lat' dir='ltr'><strong>habemus,</strong></span> <span class='ocrx_word' id='word_1_146' title='bbox 1345 1793 1508 1851; x_wconf 85' lang='lat' dir='ltr'><strong>auctoritas</strong></span> <span class='ocrx_word' id='word_1_147' title='bbox 1531 1801 1632 1852; x_wconf 90' lang='lat' dir='ltr'><strong>tamen</strong></span> <span class='ocrx_word' id='word_1_148' title='bbox 1654 1790 1735 1871; x_wconf 91' lang='lat' dir='ltr'><strong>apud</strong></span> <span class='ocrx_word' id='word_1_149' title='bbox 1753 1792 1855 1851; x_wconf 89' lang='lat' dir='ltr'><strong>Eccle-</strong></span> 
     </span>
     <span class='ocr_line' id='line_1_15' title="bbox 406 1876 1855 1959; baseline -0.002 -20"><span class='ocrx_word' id='word_1_150' title='bbox 406 1896 521 1954; x_wconf 82' lang='lat' dir='ltr'><strong>rarum,</strong></span> <span class='ocrx_word' id='word_1_151' title='bbox 537 1898 611 1959; x_wconf 90' lang='lat' dir='ltr'><strong>quas</strong></span> <span class='ocrx_word' id='word_1_152' title='bbox 626 1877 671 1938; x_wconf 91' lang='lat' dir='ltr'><strong>illi</strong></span> <span class='ocrx_word' id='word_1_153' title='bbox 687 1900 747 1939; x_wconf 92' lang='lat' dir='ltr'><strong>nou</strong></span> <span class='ocrx_word' id='word_1_154' title='bbox 761 1878 956 1957; x_wconf 79' lang='lat' dir='ltr'><strong>recipiebant,</strong></span> <span class='ocrx_word' id='word_1_155' title='bbox 976 1879 1103 1938; x_wconf 89' lang='lat' dir='ltr'><strong>auctori·</strong></span> <span class='ocrx_word' id='word_1_156' title='bbox 1158 1878 1232 1938; x_wconf 92' lang='lat' dir='ltr'><strong>siam</strong></span> <span class='ocrx_word' id='word_1_157' title='bbox 1257 1880 1437 1939; x_wconf 85' lang='lat' dir='ltr'><strong>inconcussa</strong></span> <span class='ocrx_word' id='word_1_158' title='bbox 1463 1886 1525 1954; x_wconf 77' lang='lat' dir='ltr'><strong>est3</strong></span> <span class='ocrx_word' id='word_1_159' title='bbox 1552 1880 1630 1938; x_wconf 72' lang='lat' dir='ltr'><strong>deut</strong></span> <span class='ocrx_word' id='word_1_160' title='bbox 1655 1876 1693 1937; x_wconf 91' lang='lat' dir='ltr'><strong>de</strong></span> <span class='ocrx_word' id='word_1_161' title='bbox 1719 1877 1794 1939; x_wconf 85' lang='lat' dir='ltr'><strong>libro</strong></span> <span class='ocrx_word' id='word_1_162' title='bbox 1819 1877 1855 1936; x_wconf 91' lang='lat' dir='ltr'><strong>B.</strong></span> 
     </span>
     <span class='ocr_line' id='line_1_16' title="bbox 405 1962 1855 2045; baseline -0.002 -21"><span class='ocrx_word' id='word_1_163' title='bbox 405 1972 453 2025; x_wconf 88' lang='lat' dir='ltr'><strong>tas</strong></span> <span class='ocrx_word' id='word_1_164' title='bbox 475 1964 587 2025; x_wconf 78' lang='lat' dir='ltr'><strong>frustm</strong></span> <span class='ocrx_word' id='word_1_165' title='bbox 606 1964 830 2045; x_wconf 77' lang='lat' dir='ltr'><strong>proferebatur3</strong></span> <span class='ocrx_word' id='word_1_166' title='bbox 856 1962 1103 2045; x_wconf 87' lang='lat' dir='ltr'><strong>quemadmodum</strong></span> <span class='ocrx_word' id='word_1_167' title='bbox 1157 1964 1180 2025; x_wconf 88' lang='lat' dir='ltr'><strong>J</strong></span> <span class='ocrx_word' id='word_1_168' title='bbox 1183 1965 1220 2024; x_wconf 93' lang='lat' dir='ltr'><strong>ob</strong></span> <span class='ocrx_word' id='word_1_169' title='bbox 1243 1973 1369 2026; x_wconf 89' lang='lat' dir='ltr'><strong>testatur</strong></span> <span class='ocrx_word' id='word_1_170' title='bbox 1388 1964 1515 2044; x_wconf 83' lang='lat' dir='ltr'><strong>Gregor.</strong></span> <span class='ocrx_word' id='word_1_171' title='bbox 1534 1964 1618 2026; x_wconf 87' lang='lat' dir='ltr'><strong>initio</strong></span> <span class='ocrx_word' id='word_1_172' title='bbox 1641 1962 1746 2024; x_wconf 84' lang='lat' dir='ltr'><strong>Moral.</strong></span> <span class='ocrx_word' id='word_1_173' title='bbox 1781 1963 1855 2024; x_wconf 82' lang='lat' dir='ltr'><strong>Cum</strong></span> 
     </span>
     <span class='ocr_line' id='line_1_17' title="bbox 405 2049 1854 2131; baseline -0.001 -21"><span class='ocrx_word' id='word_1_174' title='bbox 405 2050 473 2131; x_wconf 87' lang='lat' dir='ltr'><strong>ipse</strong></span> <span class='ocrx_word' id='word_1_175' title='bbox 488 2053 664 2113; x_wconf 85' lang='lat' dir='ltr'><strong>Lactantius</strong></span> <span class='ocrx_word' id='word_1_176' title='bbox 686 2058 812 2113; x_wconf 88' lang='lat' dir='ltr'><strong>testatur</strong></span> <span class='ocrx_word' id='word_1_177' title='bbox 831 2052 923 2112; x_wconf 85' lang='lat' dir='ltr'><strong>divin.</strong></span> <span class='ocrx_word' id='word_1_178' title='bbox 940 2051 1035 2110; x_wconf 90' lang='lat' dir='ltr'><strong>instit.</strong></span> <span class='ocrx_word' id='word_1_179' title='bbox 1050 2049 1102 2109; x_wconf 92' lang='lat' dir='ltr'><strong>lib.</strong></span> <span class='ocrx_word' id='word_1_180' title='bbox 1158 2052 1235 2110; x_wconf 89' lang='lat' dir='ltr'><strong>enim</strong></span> <span class='ocrx_word' id='word_1_181' title='bbox 1262 2060 1381 2112; x_wconf 88' lang='lat' dir='ltr'><strong>constet</strong></span> <span class='ocrx_word' id='word_1_182' title='bbox 1411 2061 1562 2112; x_wconf 87' lang='lat' dir='ltr'><strong>auctorem</strong></span> <span class='ocrx_word' id='word_1_183' title='bbox 1593 2069 1647 2111; x_wconf 90' lang='lat' dir='ltr'><strong>sen</strong></span> <span class='ocrx_word' id='word_1_184' title='bbox 1677 2049 1854 2111; x_wconf 86' lang='lat' dir='ltr'><strong>dictatorem</strong></span> 
     </span>
     <span class='ocr_line' id='line_1_18' title="bbox 405 2135 1854 2219; baseline -0.002 -22"><span class='ocrx_word' id='word_1_185' title='bbox 405 2135 436 2198; x_wconf 90' lang='grc'><strong>5.</strong></span> <span class='ocrx_word' id='word_1_186' title='bbox 451 2156 517 2219; x_wconf 87' lang='lat' dir='ltr'><strong>cap.</strong></span> <span class='ocrx_word' id='word_1_187' title='bbox 533 2142 561 2201; x_wconf 81' lang='lat'><strong>4.</strong></span> <span class='ocrx_word' id='word_1_188' title='bbox 1156 2155 1222 2196; x_wconf 88' lang='lat' dir='ltr'><strong>esse</strong></span> <span class='ocrx_word' id='word_1_189' title='bbox 1244 2137 1385 2218; x_wconf 91' lang='lat' dir='ltr'><strong>Spiritum</strong></span> <span class='ocrx_word' id='word_1_190' title='bbox 1404 2137 1451 2210; x_wconf 90' lang='lat' dir='ltr'><strong>S.‚</strong></span> <span class='ocrx_word' id='word_1_191' title='bbox 1482 2138 1527 2198; x_wconf 91' lang='lat' dir='ltr'><strong>de.</strong></span> <span class='ocrx_word' id='word_1_192' title='bbox 1543 2138 1688 2217; x_wconf 87' lang='lat' dir='ltr'><strong>scriptore</strong></span> <span class='ocrx_word' id='word_1_193' title='bbox 1709 2146 1854 2215; x_wconf 82' lang='lat' dir='ltr'><strong>tanquam</strong></span> 
     </span>
     <span class='ocr_line' id='line_1_19' title="bbox 448 2221 1853 2306; baseline -0.002 -21"><span class='ocrx_word' id='word_1_194' title='bbox 448 2224 530 2286; x_wconf 89' lang='lat' dir='ltr'><strong>Illud</strong></span> <span class='ocrx_word' id='word_1_195' title='bbox 546 2243 667 2306; x_wconf 92' lang='lat' dir='ltr'><strong>quoque</strong></span> <span class='ocrx_word' id='word_1_196' title='bbox 682 2223 764 2304; x_wconf 91' lang='lat' dir='ltr'><strong>quod</strong></span> <span class='ocrx_word' id='word_1_197' title='bbox 785 2221 995 2301; x_wconf 87' lang='lat' dir='ltr'><strong>objiciebatur,</strong></span> <span class='ocrx_word' id='word_1_198' title='bbox 1022 2232 1103 2285; x_wconf 84' lang='lat' dir='ltr'><strong>vete·</strong></span> <span class='ocrx_word' id='word_1_199' title='bbox 1156 2221 1194 2282; x_wconf 93' lang='lat' dir='ltr'><strong>de</strong></span> <span class='ocrx_word' id='word_1_200' title='bbox 1210 2224 1325 2285; x_wconf 89' lang='lat' dir='ltr'><strong>calamo</strong></span> <span class='ocrx_word' id='word_1_201' title='bbox 1343 2224 1441 2283; x_wconf 90' lang='lat' dir='ltr'><strong>minus</strong></span> <span class='ocrx_word' id='word_1_202' title='bbox 1456 2224 1594 2284; x_wconf 88' lang='lat' dir='ltr'><strong>laborare</strong></span> <span class='ocrx_word' id='word_1_203' title='bbox 1616 2223 1694 2284; x_wconf 87' lang='lat' dir='ltr'><strong>solet</strong></span> <span class='ocrx_word' id='word_1_204' title='bbox 1708 2223 1853 2283; x_wconf 88' lang='lat' dir='ltr'><strong>Ecclesia.</strong></span> 
     </span>
     <span class='ocr_line' id='line_1_20' title="bbox 405 2307 1853 2393; baseline -0.006 -18"><span class='ocrx_word' id='word_1_205' title='bbox 405 2332 454 2375; x_wconf 87' lang='lat' dir='ltr'><strong>res</strong></span> <span class='ocrx_word' id='word_1_206' title='bbox 469 2311 614 2393; x_wconf 86' lang='lat' dir='ltr'><strong>quosdam</strong></span> <span class='ocrx_word' id='word_1_207' title='bbox 638 2311 831 2391; x_wconf 85' lang='lat' dir='ltr'><strong>epistolarum</strong></span> <span class='ocrx_word' id='word_1_208' title='bbox 848 2309 936 2369; x_wconf 86' lang='lat' dir='ltr'><strong>Pauli</strong></span> <span class='ocrx_word' id='word_1_209' title='bbox 956 2330 1101 2370; x_wconf 86' lang='lat' dir='ltr'><strong>commen·</strong></span> <span class='ocrx_word' id='word_1_210' title='bbox 1155 2308 1287 2391; x_wconf 87' lang='lat' dir='ltr'><strong>Reliqua</strong></span> <span class='ocrx_word' id='word_1_211' title='bbox 1310 2320 1370 2370; x_wconf 65' lang='lat' dir='ltr'><strong>nm</strong></span> <span class='ocrx_word' id='word_1_212' title='bbox 1394 2307 1548 2389; x_wconf 81' lang='lat' dir='ltr'><strong>Oajetani,</strong></span> <span class='ocrx_word' id='word_1_213' title='bbox 1573 2329 1641 2389; x_wconf 92' lang='lat' dir='ltr'><strong>qam</strong></span> <span class='ocrx_word' id='word_1_214' title='bbox 1662 2309 1786 2370; x_wconf 90' lang='lat' dir='ltr'><strong>aliorum</strong></span> <span class='ocrx_word' id='word_1_215' title='bbox 1809 2328 1853 2367; x_wconf 91' lang='lat' dir='ltr'><strong>ar-</strong></span> 
     </span>
     <span class='ocr_line' id='line_1_21' title="bbox 405 2395 1854 2477; baseline -0.006 -15"><span class='ocrx_word' id='word_1_216' title='bbox 405 2409 517 2462; x_wconf 83' lang='lat' dir='ltr'><strong>utores</strong></span> <span class='ocrx_word' id='word_1_217' title='bbox 545 2400 638 2459; x_wconf 89' lang='lat' dir='ltr'><strong>solam</strong></span> <span class='ocrx_word' id='word_1_218' title='bbox 668 2417 747 2470; x_wconf 69' lang='lat' dir='ltr'><strong>mm,</strong></span> <span class='ocrx_word' id='word_1_219' title='bbox 778 2415 858 2476; x_wconf 90' lang='lat' dir='ltr'><strong>quae</strong></span> <span class='ocrx_word' id='word_1_220' title='bbox 883 2396 921 2456; x_wconf 91' lang='lat' dir='ltr'><strong>ad</strong></span> <span class='ocrx_word' id='word_1_221' title='bbox 947 2396 1103 2457; x_wconf 85' lang='lat' dir='ltr'><strong>Hebraeos</strong></span> <span class='ocrx_word' id='word_1_222' title='bbox 1155 2405 1316 2475; x_wconf 72' lang='lat' dir='ltr'><strong>guarenic,</strong></span> <span class='ocrx_word' id='word_1_223' title='bbox 1343 2396 1491 2477; x_wconf 89' lang='lat' dir='ltr'><strong>quomado</strong></span> <span class='ocrx_word' id='word_1_224' title='bbox 1512 2395 1703 2456; x_wconf 86' lang='lat' dir='ltr'><strong>dissolvenda</strong></span> <span class='ocrx_word' id='word_1_225' title='bbox 1724 2397 1800 2467; x_wconf 91' lang='lat' dir='ltr'><strong>sint,</strong></span> <span class='ocrx_word' id='word_1_226' title='bbox 1823 2396 1854 2454; x_wconf 91' lang='lat' dir='ltr'><strong>iu</strong></span> 
     </span>
     <span class='ocr_line' id='line_1_22' title="bbox 404 2480 1852 2566; baseline -0.005 -20"><span class='ocrx_word' id='word_1_227' title='bbox 404 2489 517 2566; x_wconf 84' lang='lat' dir='ltr'><strong>scripta</strong></span> <span class='ocrx_word' id='word_1_228' title='bbox 533 2494 592 2558; x_wconf 88' lang='lat' dir='ltr'><strong>est,</strong></span> <span class='ocrx_word' id='word_1_229' title='bbox 613 2485 765 2558; x_wconf 80' lang='lat' dir='ltr'><strong>omisisse3</strong></span> <span class='ocrx_word' id='word_1_230' title='bbox 788 2503 847 2541; x_wconf 94' lang='lat' dir='ltr'><strong>non</strong></span> <span class='ocrx_word' id='word_1_231' title='bbox 863 2483 965 2554; x_wconf 86' lang='lat' dir='ltr'><strong>efficit,</strong></span> <span class='ocrx_word' id='word_1_232' title='bbox 988 2492 1022 2542; x_wconf 90' lang='lat' dir='ltr'><strong>ut</strong></span> <span class='ocrx_word' id='word_1_233' title='bbox 1037 2502 1101 2543; x_wconf 91' lang='lat' dir='ltr'><strong>eam</strong></span> <span class='ocrx_word' id='word_1_234' title='bbox 1155 2484 1366 2544; x_wconf 79' lang='lat' dir='ltr'><strong>commentario</strong></span> <span class='ocrx_word' id='word_1_235' title='bbox 1382 2484 1460 2543; x_wconf 89' lang='lat' dir='ltr'><strong>inter</strong></span> <span class='ocrx_word' id='word_1_236' title='bbox 1477 2481 1704 2563; x_wconf 88' lang='lat' dir='ltr'><strong>exponendum,</strong></span> <span class='ocrx_word' id='word_1_237' title='bbox 1726 2482 1794 2543; x_wconf 86' lang='lat' dir='ltr'><strong>Deo</strong></span> <span class='ocrx_word' id='word_1_238' title='bbox 1810 2480 1852 2540; x_wconf 85' lang='lat' dir='ltr'><strong>fa·</strong></span> 
     </span>
     <span class='ocr_line' id='line_1_23' title="bbox 403 2567 1852 2651; baseline -0.005 -17"><span class='ocrx_word' id='word_1_239' title='bbox 403 2592 464 2634; x_wconf 90' lang='lat' dir='ltr'><strong>non</strong></span> <span class='ocrx_word' id='word_1_240' title='bbox 491 2571 670 2651; x_wconf 82' lang='lat' dir='ltr'><strong>agnoverint</strong></span> <span class='ocrx_word' id='word_1_241' title='bbox 695 2589 749 2648; x_wconf 89' lang='lat' dir='ltr'><strong>pro</strong></span> <span class='ocrx_word' id='word_1_242' title='bbox 776 2571 926 2649; x_wconf 87' lang='lat' dir='ltr'><strong>scriptura</strong></span> <span class='ocrx_word' id='word_1_243' title='bbox 948 2571 1100 2629; x_wconf 82' lang='lat' dir='ltr'><strong>aaronica.</strong></span> <span class='ocrx_word' id='word_1_244' title='bbox 1154 2579 1260 2641; x_wconf 82' lang='lat' dir='ltr'><strong>vente,</strong></span> <span class='ocrx_word' id='word_1_245' title='bbox 1276 2567 1421 2640; x_wconf 84' lang='lat' dir='ltr'><strong>dicemus,</strong></span> <span class='ocrx_word' id='word_1_246' title='bbox 1437 2589 1530 2649; x_wconf 94' lang='lat' dir='ltr'><strong>quum</strong></span> <span class='ocrx_word' id='word_1_247' title='bbox 1543 2568 1582 2629; x_wconf 86' lang='lat' dir='ltr'><strong>ad</strong></span> <span class='ocrx_word' id='word_1_248' title='bbox 1599 2587 1636 2627; x_wconf 86' lang='lat' dir='ltr'><strong>ea</strong></span> <span class='ocrx_word' id='word_1_249' title='bbox 1650 2569 1717 2627; x_wconf 90' lang='lat' dir='ltr'><strong>loca</strong></span> <span class='ocrx_word' id='word_1_250' title='bbox 1731 2576 1852 2629; x_wconf 84' lang='lat' dir='ltr'><strong>uentum</strong></span> 
     </span>
     <span class='ocr_line' id='line_1_24' title="bbox 403 2651 1692 2735; baseline -0.006 -16"><span class='ocrx_word' id='word_1_251' title='bbox 403 2658 475 2719; x_wconf 83' lang='lat' dir='ltr'><strong>Nou</strong></span> <span class='ocrx_word' id='word_1_252' title='bbox 497 2661 575 2718; x_wconf 90' lang='lat' dir='ltr'><strong>enim</strong></span> <span class='ocrx_word' id='word_1_253' title='bbox 599 2663 721 2735; x_wconf 90' lang='lat' dir='ltr'><strong>prepter</strong></span> <span class='ocrx_word' id='word_1_254' title='bbox 742 2656 950 2715; x_wconf 83' lang='lat' dir='ltr'><strong>auctoritatam</strong></span> <span class='ocrx_word' id='word_1_255' title='bbox 973 2653 1101 2726; x_wconf 91' lang='lat' dir='ltr'><strong>dubiam,</strong></span> <span class='ocrx_word' id='word_1_256' title='bbox 1154 2651 1261 2726; x_wconf 81' lang='lat' dir='ltr'><strong>tuerit,</strong></span> <span class='ocrx_word' id='word_1_257' title='bbox 1276 2674 1353 2733; x_wconf 90' lang='lat' dir='ltr'><strong>quae</strong></span> <span class='ocrx_word' id='word_1_258' title='bbox 1369 2655 1406 2714; x_wconf 91' lang='lat' dir='ltr'><strong>ab</strong></span> <span class='ocrx_word' id='word_1_259' title='bbox 1426 2655 1487 2715; x_wconf 87' lang='lat' dir='ltr'><strong>illis</strong></span> <span class='ocrx_word' id='word_1_260' title='bbox 1504 2654 1692 2731; x_wconf 86' lang='lat' dir='ltr'><strong>objiciuntur.</strong></span> 
     </span>
     <span class='ocr_line' id='line_1_25' title="bbox 404 2738 1850 2823; baseline -0.005 -18"><span class='ocrx_word' id='word_1_261' title='bbox 404 2743 458 2805; x_wconf 90' lang='lat' dir='ltr'><strong>sed</strong></span> <span class='ocrx_word' id='word_1_262' title='bbox 474 2741 554 2823; x_wconf 90' lang='lat' dir='ltr'><strong>quod</strong></span> <span class='ocrx_word' id='word_1_263' title='bbox 567 2751 670 2801; x_wconf 87' lang='lat' dir='ltr'><strong>auctor</strong></span> <span class='ocrx_word' id='word_1_264' title='bbox 684 2742 816 2800; x_wconf 87' lang='lat' dir='ltr'><strong>incertus</strong></span> <span class='ocrx_word' id='word_1_265' title='bbox 837 2759 874 2800; x_wconf 88' lang='lat' dir='ltr'><strong>ac</strong></span> <span class='ocrx_word' id='word_1_266' title='bbox 886 2738 992 2799; x_wconf 92' lang='lat' dir='ltr'><strong>dubius</strong></span> <span class='ocrx_word' id='word_1_267' title='bbox 1008 2740 1100 2800; x_wconf 88' lang='lat' dir='ltr'><strong>habe·</strong></span> <span class='ocrx_word' id='word_1_268' title='bbox 1197 2739 1280 2799; x_wconf 93' lang='lat' dir='ltr'><strong>Illud</strong></span> <span class='ocrx_word' id='word_1_269' title='bbox 1295 2738 1391 2799; x_wconf 86' lang='lat' dir='ltr'><strong>addc:</strong></span> <span class='ocrx_word' id='word_1_270' title='bbox 1415 2741 1449 2802; x_wconf 88' lang='lat' dir='ltr'><strong>Si</strong></span> <span class='ocrx_word' id='word_1_271' title='bbox 1465 2741 1589 2800; x_wconf 83' lang='lat' dir='ltr'><strong>istorum</strong></span> <span class='ocrx_word' id='word_1_272' title='bbox 1613 2749 1787 2819; x_wconf 82' lang='lat' dir='ltr'><strong>argumenta</strong></span> <span class='ocrx_word' id='word_1_273' title='bbox 1801 2759 1850 2798; x_wconf 84' lang='lat' dir='ltr'><strong>sa·</strong></span> 
     </span>
     <span class='ocr_line' id='line_1_26' title="bbox 403 2824 1852 2905; baseline -0.003 -15"><span class='ocrx_word' id='word_1_274' title='bbox 403 2837 503 2902; x_wconf 83' lang='lat' dir='ltr'><strong>retur,</strong></span> <span class='ocrx_word' id='word_1_275' title='bbox 521 2828 560 2889; x_wconf 89' lang='lat' dir='ltr'><strong>ab</strong></span> <span class='ocrx_word' id='word_1_276' title='bbox 576 2848 613 2889; x_wconf 91' lang='lat' dir='ltr'><strong>ea</strong></span> <span class='ocrx_word' id='word_1_277' title='bbox 627 2827 841 2888; x_wconf 87' lang='lat' dir='ltr'><strong>abstinuerunt.</strong></span> <span class='ocrx_word' id='word_1_278' title='bbox 864 2826 1017 2905; x_wconf 80' lang='lat' dir='ltr'><strong>Siquidem</strong></span> <span class='ocrx_word' id='word_1_279' title='bbox 1032 2845 1099 2885; x_wconf 91' lang='lat' dir='ltr'><strong>cou-</strong></span> <span class='ocrx_word' id='word_1_280' title='bbox 1153 2825 1218 2885; x_wconf 91' lang='lat' dir='ltr'><strong>lent</strong></span> <span class='ocrx_word' id='word_1_281' title='bbox 1243 2834 1347 2885; x_wconf 89' lang='lat' dir='ltr'><strong>contra</strong></span> <span class='ocrx_word' id='word_1_282' title='bbox 1369 2828 1579 2887; x_wconf 89' lang='lat' dir='ltr'><strong>auctoritatem</strong></span> <span class='ocrx_word' id='word_1_283' title='bbox 1607 2824 1739 2886; x_wconf 87' lang='lat' dir='ltr'><strong>divinam</strong></span> <span class='ocrx_word' id='word_1_284' title='bbox 1761 2825 1852 2904; x_wconf 91' lang='lat' dir='ltr'><strong>hujus</strong></span> 
     </span>
     <span class='ocr_line' id='line_1_27' title="bbox 403 2911 1852 2993; baseline -0.004 -16"><span class='ocrx_word' id='word_1_285' title='bbox 403 2918 540 2978; x_wconf 87' lang='lat' dir='ltr'><strong>stitutum</strong></span> <span class='ocrx_word' id='word_1_286' title='bbox 557 2915 614 2975; x_wconf 90' lang='lat' dir='ltr'><strong>illis</strong></span> <span class='ocrx_word' id='word_1_287' title='bbox 629 2913 737 2975; x_wconf 90' lang='lat' dir='ltr'><strong>eratin</strong></span> <span class='ocrx_word' id='word_1_288' title='bbox 753 2911 833 2973; x_wconf 86' lang='lat' dir='ltr'><strong>solas</strong></span> <span class='ocrx_word' id='word_1_289' title='bbox 843 2913 932 2973; x_wconf 86' lang='lat' dir='ltr'><strong>Pauli</strong></span> <span class='ocrx_word' id='word_1_290' title='bbox 947 2913 1100 2993; x_wconf 85' lang='lat' dir='ltr'><strong>Epistulas</strong></span> <span class='ocrx_word' id='word_1_291' title='bbox 1153 2911 1321 2992; x_wconf 87' lang='lat' dir='ltr'><strong>Epistulae,</strong></span> <span class='ocrx_word' id='word_1_292' title='bbox 1337 2915 1402 2991; x_wconf 92' lang='lat' dir='ltr'><strong>pari</strong></span> <span class='ocrx_word' id='word_1_293' title='bbox 1419 2915 1536 2974; x_wconf 85' lang='lat' dir='ltr'><strong>ratione</strong></span> <span class='ocrx_word' id='word_1_294' title='bbox 1549 2913 1661 2973; x_wconf 89' lang='lat' dir='ltr'><strong>similia</strong></span> <span class='ocrx_word' id='word_1_295' title='bbox 1675 2923 1852 2990; x_wconf 81' lang='lat' dir='ltr'><strong>argumenta</strong></span> 
     </span>
     <span class='ocr_line' id='line_1_28' title="bbox 403 2997 1849 3078; baseline -0.004 -15"><span class='ocrx_word' id='word_1_296' title='bbox 403 3003 603 3063; x_wconf 88' lang='lat' dir='ltr'><strong>commentari.</strong></span> <span class='ocrx_word' id='word_1_297' title='bbox 627 3001 787 3059; x_wconf 89' lang='lat' dir='ltr'><strong>Praeterea</strong></span> <span class='ocrx_word' id='word_1_298' title='bbox 799 2998 864 3059; x_wconf 89' lang='lat' dir='ltr'><strong>fieri</strong></span> <span class='ocrx_word' id='word_1_299' title='bbox 879 3000 982 3078; x_wconf 79' lang='lat' dir='ltr'><strong>potuit,</strong></span> <span class='ocrx_word' id='word_1_300' title='bbox 998 2999 1098 3058; x_wconf 80' lang='lat' dir='ltr'><strong>utba·</strong></span> <span class='ocrx_word' id='word_1_301' title='bbox 1152 2997 1283 3060; x_wconf 83' lang='lat' dir='ltr'><strong>valitura</strong></span> <span class='ocrx_word' id='word_1_302' title='bbox 1320 3008 1423 3058; x_wconf 89' lang='lat' dir='ltr'><strong>contra</strong></span> <span class='ocrx_word' id='word_1_303' title='bbox 1460 3000 1537 3059; x_wconf 90' lang='lat' dir='ltr'><strong>alias</strong></span> <span class='ocrx_word' id='word_1_304' title='bbox 1565 3000 1654 3058; x_wconf 89' lang='lat' dir='ltr'><strong>Pauli</strong></span> <span class='ocrx_word' id='word_1_305' title='bbox 1688 2999 1849 3077; x_wconf 83' lang='lat' dir='ltr'><strong>Epistulas.</strong></span> 
     </span>
     <span class='ocr_line' id='line_1_29' title="bbox 401 3082 1849 3166; baseline -0.005 -17"><span class='ocrx_word' id='word_1_306' title='bbox 401 3089 471 3149; x_wconf 85' lang='lat' dir='ltr'><strong>tinis</strong></span> <span class='ocrx_word' id='word_1_307' title='bbox 486 3085 664 3166; x_wconf 91' lang='lat' dir='ltr'><strong>quibusdam</strong></span> <span class='ocrx_word' id='word_1_308' title='bbox 677 3082 851 3145; x_wconf 87' lang='lat' dir='ltr'><strong>orthodoxis</strong></span> <span class='ocrx_word' id='word_1_309' title='bbox 866 3084 978 3145; x_wconf 92' lang='lat' dir='ltr'><strong>idcirco</strong></span> <span class='ocrx_word' id='word_1_310' title='bbox 994 3104 1098 3163; x_wconf 86' lang='lat' dir='ltr'><strong>suepe-</strong></span> <span class='ocrx_word' id='word_1_311' title='bbox 1153 3085 1229 3144; x_wconf 86' lang='lat' dir='ltr'><strong>Nam</strong></span> <span class='ocrx_word' id='word_1_312' title='bbox 1252 3093 1285 3145; x_wconf 91' lang='lat' dir='ltr'><strong>et</strong></span> <span class='ocrx_word' id='word_1_313' title='bbox 1306 3085 1337 3144; x_wconf 91' lang='lat' dir='ltr'><strong>iu</strong></span> <span class='ocrx_word' id='word_1_314' title='bbox 1358 3085 1426 3146; x_wconf 92' lang='lat' dir='ltr'><strong>aliis</strong></span> <span class='ocrx_word' id='word_1_315' title='bbox 1451 3107 1512 3146; x_wconf 88' lang='lat' dir='ltr'><strong>nen</strong></span> <span class='ocrx_word' id='word_1_316' title='bbox 1539 3103 1658 3161; x_wconf 90' lang='lat' dir='ltr'><strong>semper</strong></span> <span class='ocrx_word' id='word_1_317' title='bbox 1680 3083 1849 3163; x_wconf 84' lang='lat' dir='ltr'><strong>Scripturas</strong></span> 
     </span>
     <span class='ocr_line' id='line_1_30' title="bbox 402 3168 1850 3252; baseline -0.002 -19"><span class='ocrx_word' id='word_1_318' title='bbox 402 3181 451 3233; x_wconf 82' lang='lat' dir='ltr'><strong>cta</strong></span> <span class='ocrx_word' id='word_1_319' title='bbox 473 3180 554 3233; x_wconf 85' lang='lat' dir='ltr'><strong>esset</strong></span> <span class='ocrx_word' id='word_1_320' title='bbox 576 3173 651 3233; x_wconf 86' lang='lat' dir='ltr'><strong>baec</strong></span> <span class='ocrx_word' id='word_1_321' title='bbox 674 3171 830 3251; x_wconf 83' lang='lat' dir='ltr'><strong>Epistola,</strong></span> <span class='ocrx_word' id='word_1_322' title='bbox 856 3180 947 3252; x_wconf 90' lang='lat' dir='ltr'><strong>atque</strong></span> <span class='ocrx_word' id='word_1_323' title='bbox 970 3189 1037 3230; x_wconf 93' lang='lat' dir='ltr'><strong>eam</strong></span> <span class='ocrx_word' id='word_1_324' title='bbox 1060 3172 1098 3233; x_wconf 96' lang='lat' dir='ltr'><strong>ob</strong></span> <span class='ocrx_word' id='word_1_325' title='bbox 1151 3169 1267 3250; x_wconf 86' lang='lat' dir='ltr'><strong>profert</strong></span> <span class='ocrx_word' id='word_1_326' title='bbox 1281 3169 1444 3231; x_wconf 88' lang='lat' dir='ltr'><strong>secuudum</strong></span> <span class='ocrx_word' id='word_1_327' title='bbox 1467 3190 1586 3231; x_wconf 88' lang='lat' dir='ltr'><strong>sensum</strong></span> <span class='ocrx_word' id='word_1_328' title='bbox 1606 3169 1770 3242; x_wconf 86' lang='lat' dir='ltr'><strong>literalem,</strong></span> <span class='ocrx_word' id='word_1_329' title='bbox 1797 3168 1850 3230; x_wconf 90' lang='lat' dir='ltr'><strong>sed</strong></span> 
     </span>
     <span class='ocr_line' id='line_1_31' title="bbox 401 3256 1848 3337; baseline -0.004 -16"><span class='ocrx_word' id='word_1_330' title='bbox 401 3277 522 3322; x_wconf 75' lang='lat' dir='ltr'><strong>cauam</strong></span> <span class='ocrx_word' id='word_1_331' title='bbox 538 3257 652 3318; x_wconf 87' lang='lat' dir='ltr'><strong>tardius</strong></span> <span class='ocrx_word' id='word_1_332' title='bbox 667 3265 804 3335; x_wconf 87' lang='lat' dir='ltr'><strong>recepta,</strong></span> <span class='ocrx_word' id='word_1_333' title='bbox 827 3256 907 3337; x_wconf 89' lang='lat' dir='ltr'><strong>quod</strong></span> <span class='ocrx_word' id='word_1_334' title='bbox 929 3257 1039 3316; x_wconf 89' lang='lat' dir='ltr'><strong>alicubi</strong></span> <span class='ocrx_word' id='word_1_335' title='bbox 1054 3260 1097 3319; x_wconf 86' lang='lat' dir='ltr'><strong>vi-</strong></span> <span class='ocrx_word' id='word_1_336' title='bbox 1152 3275 1243 3336; x_wconf 90' lang='lat' dir='ltr'><strong>saeps</strong></span> <span class='ocrx_word' id='word_1_337' title='bbox 1254 3257 1345 3335; x_wconf 85' lang='lat' dir='ltr'><strong>juxta</strong></span> <span class='ocrx_word' id='word_1_338' title='bbox 1360 3276 1481 3317; x_wconf 88' lang='lat' dir='ltr'><strong>sensum</strong></span> <span class='ocrx_word' id='word_1_339' title='bbox 1506 3257 1664 3335; x_wconf 86' lang='lat' dir='ltr'><strong>mysticum</strong></span> <span class='ocrx_word' id='word_1_340' title='bbox 1687 3265 1741 3316; x_wconf 90' lang='lat' dir='ltr'><strong>aut</strong></span> <span class='ocrx_word' id='word_1_341' title='bbox 1755 3276 1848 3316; x_wconf 90' lang='lat' dir='ltr'><strong>mora·</strong></span> 
     </span>
     <span class='ocr_line' id='line_1_32' title="bbox 401 3339 1849 3425; baseline -0.003 -20"><span class='ocrx_word' id='word_1_342' title='bbox 401 3344 522 3406; x_wconf 88' lang='lat' dir='ltr'><strong>deretur</strong></span> <span class='ocrx_word' id='word_1_343' title='bbox 536 3343 656 3405; x_wconf 80' lang='lat' dir='ltr'><strong>Novato</strong></span> <span class='ocrx_word' id='word_1_344' title='bbox 677 3344 872 3421; x_wconf 85' lang='lat' dir='ltr'><strong>patrocinari,</strong></span> <span class='ocrx_word' id='word_1_345' title='bbox 894 3345 947 3425; x_wconf 90' lang='lat' dir='ltr'><strong>qui</strong></span> <span class='ocrx_word' id='word_1_346' title='bbox 970 3342 1065 3421; x_wconf 87' lang='lat' dir='ltr'><strong>lapsis</strong></span> <span class='ocrx_word' id='word_1_347' title='bbox 1080 3366 1098 3403; x_wconf 91' lang='lat' dir='ltr'><strong>a</strong></span> <span class='ocrx_word' id='word_1_348' title='bbox 1151 3341 1219 3402; x_wconf 91' lang='lat' dir='ltr'><strong>lem.</strong></span> <span class='ocrx_word' id='word_1_349' title='bbox 1255 3341 1409 3402; x_wconf 88' lang='lat' dir='ltr'><strong>Interdum</strong></span> <span class='ocrx_word' id='word_1_350' title='bbox 1431 3362 1553 3424; x_wconf 90' lang='lat' dir='ltr'><strong>qnoque</strong></span> <span class='ocrx_word' id='word_1_351' title='bbox 1574 3342 1744 3420; x_wconf 82' lang='lat' dir='ltr'><strong>Scripturas</strong></span> <span class='ocrx_word' id='word_1_352' title='bbox 1766 3339 1849 3402; x_wconf 91' lang='lat' dir='ltr'><strong>aliud</strong></span> 
     </span>
     <span class='ocr_line' id='line_1_33' title="bbox 399 3427 1846 3511; baseline -0.007 -18"><span class='ocrx_word' id='word_1_353' title='bbox 399 3429 549 3511; x_wconf 83' lang='lat' dir='ltr'><strong>baptismo</strong></span> <span class='ocrx_word' id='word_1_354' title='bbox 561 3428 836 3492; x_wconf 87' lang='lat' dir='ltr'><strong>reconciliationem</strong></span> <span class='ocrx_word' id='word_1_355' title='bbox 848 3429 988 3508; x_wconf 78' lang='lat' dir='ltr'><strong>negabat.</strong></span> <span class='ocrx_word' id='word_1_356' title='bbox 1008 3427 1098 3507; x_wconf 77' lang='lat' dir='ltr'><strong>Quae</strong></span> <span class='ocrx_word' id='word_1_357' title='bbox 1150 3428 1308 3508; x_wconf 85' lang='lat' dir='ltr'><strong>loquentes</strong></span> <span class='ocrx_word' id='word_1_358' title='bbox 1351 3449 1405 3488; x_wconf 91' lang='lat' dir='ltr'><strong>suo</strong></span> <span class='ocrx_word' id='word_1_359' title='bbox 1451 3430 1587 3489; x_wconf 87' lang='lat' dir='ltr'><strong>instituto</strong></span> <span class='ocrx_word' id='word_1_360' title='bbox 1631 3429 1846 3488; x_wconf 85' lang='lat' dir='ltr'><strong>accommodat.</strong></span> 
     </span>
     <span class='ocr_line' id='line_1_34' title="bbox 398 3513 1849 3595; baseline -0.004 -17"><span class='ocrx_word' id='word_1_361' title='bbox 398 3517 532 3578; x_wconf 84' lang='lat' dir='ltr'><strong>haeresis</strong></span> <span class='ocrx_word' id='word_1_362' title='bbox 554 3514 636 3595; x_wconf 91' lang='lat' dir='ltr'><strong>apud</strong></span> <span class='ocrx_word' id='word_1_363' title='bbox 658 3515 811 3575; x_wconf 83' lang='lat' dir='ltr'><strong>Romanos</strong></span> <span class='ocrx_word' id='word_1_364' title='bbox 834 3525 939 3576; x_wconf 86' lang='lat' dir='ltr'><strong>exorta</strong></span> <span class='ocrx_word' id='word_1_365' title='bbox 964 3515 1097 3593; x_wconf 76' lang='lat' dir='ltr'><strong>graviter</strong></span> <span class='ocrx_word' id='word_1_366' title='bbox 1149 3513 1299 3593; x_wconf 87' lang='lat' dir='ltr'><strong>Exempla</strong></span> <span class='ocrx_word' id='word_1_367' title='bbox 1325 3523 1395 3576; x_wconf 88' lang='lat' dir='ltr'><strong>sunt</strong></span> <span class='ocrx_word' id='word_1_368' title='bbox 1419 3516 1506 3575; x_wconf 83' lang='lat' dir='ltr'><strong>Rom.</strong></span> <span class='ocrx_word' id='word_1_369' title='bbox 1532 3517 1562 3574; x_wconf 84' lang='lat'><strong>3.</strong></span> <span class='ocrx_word' id='word_1_370' title='bbox 1599 3516 1683 3592; x_wconf 79' lang='lat' dir='ltr'><strong>Quia</strong></span> <span class='ocrx_word' id='word_1_371' title='bbox 1711 3533 1779 3575; x_wconf 82' lang='lat' dir='ltr'><strong>nan</strong></span> <span class='ocrx_word' id='word_1_372' title='bbox 1806 3520 1849 3574; x_wconf 82' lang='lat' dir='ltr'><strong>est</strong></span> 
     </span>
     <span class='ocr_line' id='line_1_35' title="bbox 397 3600 1849 3680; baseline -0.004 -17"><span class='ocrx_word' id='word_1_373' title='bbox 397 3602 568 3664; x_wconf 88' lang='lat' dir='ltr'><strong>Ecclesiam</strong></span> <span class='ocrx_word' id='word_1_374' title='bbox 586 3600 759 3676; x_wconf 80' lang='lat' dir='ltr'><strong>infestavit;</strong></span> <span class='ocrx_word' id='word_1_375' title='bbox 782 3609 816 3659; x_wconf 89' lang='lat' dir='ltr'><strong>ut</strong></span> <span class='ocrx_word' id='word_1_376' title='bbox 836 3609 997 3680; x_wconf 89' lang='lat' dir='ltr'><strong>propterea</strong></span> <span class='ocrx_word' id='word_1_377' title='bbox 1018 3602 1094 3661; x_wconf 87' lang='lat' dir='ltr'><strong>veri·</strong></span> <span class='ocrx_word' id='word_1_378' title='bbox 1145 3603 1250 3675; x_wconf 77' lang='lat' dir='ltr'><strong>jststm</strong></span> <span class='ocrx_word' id='word_1_379' title='bbox 1264 3603 1432 3677; x_wconf 83' lang='lat' dir='ltr'><strong>quisquam</strong></span> <span class='ocrx_word' id='word_1_380' title='bbox 1440 3645 1451 3676; x_wconf 92' lang='lat'><strong>,</strong></span> <span class='ocrx_word' id='word_1_381' title='bbox 1466 3619 1535 3663; x_wconf 80' lang='lat' dir='ltr'><strong>uon</strong></span> <span class='ocrx_word' id='word_1_382' title='bbox 1551 3606 1594 3660; x_wconf 85' lang='lat' dir='ltr'><strong>est</strong></span> <span class='ocrx_word' id='word_1_383' title='bbox 1608 3601 1796 3676; x_wconf 77' lang='lat' dir='ltr'><strong>intellipcns,</strong></span> <span class='ocrx_word' id='word_1_384' title='bbox 1817 3608 1849 3659; x_wconf 91' lang='lat' dir='ltr'><strong>et</strong></span> 
     </span>
     <span class='ocr_line' id='line_1_36' title="bbox 397 3684 1847 3767; baseline -0.002 -19"><span class='ocrx_word' id='word_1_385' title='bbox 397 3687 495 3748; x_wconf 85' lang='lat' dir='ltr'><strong>simile</strong></span> <span class='ocrx_word' id='word_1_386' title='bbox 510 3688 558 3758; x_wconf 90' lang='lat' dir='ltr'><strong>sit,</strong></span> <span class='ocrx_word' id='word_1_387' title='bbox 574 3695 696 3767; x_wconf 86' lang='lat' dir='ltr'><strong>putasse</strong></span> <span class='ocrx_word' id='word_1_388' title='bbox 711 3686 880 3758; x_wconf 93' lang='lat' dir='ltr'><strong>nonnullos,</strong></span> <span class='ocrx_word' id='word_1_389' title='bbox 896 3686 1094 3763; x_wconf 86' lang='lat' dir='ltr'><strong>buioEpisto·</strong></span> <span class='ocrx_word' id='word_1_390' title='bbox 1149 3695 1284 3758; x_wconf 86' lang='lat' dir='ltr'><strong>caetera,</strong></span> <span class='ocrx_word' id='word_1_391' title='bbox 1312 3706 1390 3767; x_wconf 90' lang='lat' dir='ltr'><strong>quae</strong></span> <span class='ocrx_word' id='word_1_392' title='bbox 1415 3688 1458 3747; x_wconf 91' lang='lat' dir='ltr'><strong>ibi</strong></span> <span class='ocrx_word' id='word_1_393' title='bbox 1488 3706 1526 3747; x_wconf 85' lang='lat' dir='ltr'><strong>ex</strong></span> <span class='ocrx_word' id='word_1_394' title='bbox 1548 3684 1680 3745; x_wconf 83' lang='lat' dir='ltr'><strong>Psalmis</strong></span> <span class='ocrx_word' id='word_1_395' title='bbox 1707 3687 1847 3747; x_wconf 85' lang='lat' dir='ltr'><strong>contexit</strong></span> 
     </span>
     <span class='ocr_line' id='line_1_37' title="bbox 396 3765 1848 3850; baseline -0.003 -16"><span class='ocrx_word' id='word_1_396' title='bbox 396 3772 446 3834; x_wconf 86' lang='lat' dir='ltr'><strong>lae</strong></span> <span class='ocrx_word' id='word_1_397' title='bbox 469 3774 508 3834; x_wconf 86' lang='lat' dir='ltr'><strong>ab</strong></span> <span class='ocrx_word' id='word_1_398' title='bbox 523 3773 662 3833; x_wconf 81' lang='lat' dir='ltr'><strong>Ecclesia</strong></span> <span class='ocrx_word' id='word_1_399' title='bbox 677 3772 827 3844; x_wconf 84' lang='lat' dir='ltr'><strong>Romana,</strong></span> <span class='ocrx_word' id='word_1_400' title='bbox 851 3773 927 3831; x_wconf 88' lang='lat' dir='ltr'><strong>sicut</strong></span> <span class='ocrx_word' id='word_1_401' title='bbox 941 3772 1095 3831; x_wconf 80' lang='lat' dir='ltr'><strong>Eusebius</strong></span> <span class='ocrx_word' id='word_1_402' title='bbox 1147 3765 1224 3832; x_wconf 89' lang='lat' dir='ltr'><strong>Item</strong></span> <span class='ocrx_word' id='word_1_403' title='bbox 1247 3792 1313 3850; x_wconf 87' lang='lat' dir='ltr'><strong>cap.</strong></span> <span class='ocrx_word' id='word_1_404' title='bbox 1338 3776 1367 3833; x_wconf 87' lang='grc'><strong>8.</strong></span> <span class='ocrx_word' id='word_1_405' title='bbox 1404 3774 1542 3849; x_wconf 79' lang='lat' dir='ltr'><strong>Propter</strong></span> <span class='ocrx_word' id='word_1_406' title='bbox 1563 3778 1592 3831; x_wconf 81' lang='lat' dir='ltr'><strong>te</strong></span> <span class='ocrx_word' id='word_1_407' title='bbox 1619 3773 1848 3848; x_wconf 77' lang='lat' dir='ltr'><strong>mortificamur</strong></span> 
     </span>
     <span class='ocr_line' id='line_1_38' title="bbox 395 3856 1844 3938; baseline -0.004 -19"><span class='ocrx_word' id='word_1_408' title='bbox 395 3857 505 3932; x_wconf 82' lang='lat' dir='ltr'><strong>refert,</strong></span> <span class='ocrx_word' id='word_1_409' title='bbox 531 3858 626 3920; x_wconf 79' lang='lat' dir='ltr'><strong>inisse</strong></span> <span class='ocrx_word' id='word_1_410' title='bbox 649 3857 875 3919; x_wconf 89' lang='lat' dir='ltr'><strong>contradictum.</strong></span> <span class='ocrx_word' id='word_1_411' title='bbox 914 3860 1094 3938; x_wconf 80' lang='lat' dir='ltr'><strong>Quanquam</strong></span> <span class='ocrx_word' id='word_1_412' title='bbox 1147 3866 1214 3918; x_wconf 90' lang='lat' dir='ltr'><strong>tota</strong></span> <span class='ocrx_word' id='word_1_413' title='bbox 1237 3858 1305 3931; x_wconf 82' lang='lat' dir='ltr'><strong>dis,</strong></span> <span class='ocrx_word' id='word_1_414' title='bbox 1334 3877 1373 3918; x_wconf 86' lang='lat' dir='ltr'><strong>ex</strong></span> <span class='ocrx_word' id='word_1_415' title='bbox 1396 3858 1507 3927; x_wconf 82' lang='lat' dir='ltr'><strong>Psalm.</strong></span> <span class='ocrx_word' id='word_1_416' title='bbox 1526 3859 1577 3917; x_wconf 84' lang='lat'><strong>43.</strong></span> <span class='ocrx_word' id='word_1_417' title='bbox 1611 3856 1688 3916; x_wconf 93' lang='lat' dir='ltr'><strong>Item</strong></span> <span class='ocrx_word' id='word_1_418' title='bbox 1712 3859 1844 3937; x_wconf 88' lang='lat' dir='ltr'><strong>cap.10.</strong></span> 
     </span>
     <span class='ocr_line' id='line_1_39' title="bbox 396 3943 1847 4024; baseline -0.001 -20"><span class='ocrx_word' id='word_1_419' title='bbox 396 3943 548 4024; x_wconf 75' lang='lat' dir='ltr'><strong>profecto,</strong></span> <span class='ocrx_word' id='word_1_420' title='bbox 574 3946 600 4003; x_wconf 91' lang='lat' dir='ltr'><strong>si</strong></span> <span class='ocrx_word' id='word_1_421' title='bbox 623 3963 700 4023; x_wconf 89' lang='lat' dir='ltr'><strong>quos</strong></span> <span class='ocrx_word' id='word_1_422' title='bbox 721 3944 778 4004; x_wconf 91' lang='lat' dir='ltr'><strong>boc</strong></span> <span class='ocrx_word' id='word_1_423' title='bbox 798 3946 908 4016; x_wconf 87' lang='lat' dir='ltr'><strong>movit,</strong></span> <span class='ocrx_word' id='word_1_424' title='bbox 930 3945 952 4004; x_wconf 93' lang='lat' dir='ltr'><strong>ii</strong></span> <span class='ocrx_word' id='word_1_425' title='bbox 968 3944 1093 4024; x_wconf 83' lang='lat' dir='ltr'><strong>diligen·</strong></span> <span class='ocrx_word' id='word_1_426' title='bbox 1147 3946 1194 4005; x_wconf 81' lang='lat' dir='ltr'><strong>Ne</strong></span> <span class='ocrx_word' id='word_1_427' title='bbox 1209 3944 1327 4005; x_wconf 75' lang='lat' dir='ltr'><strong>dicaris</strong></span> <span class='ocrx_word' id='word_1_428' title='bbox 1343 3947 1378 4004; x_wconf 80' lang='lat' dir='ltr'><strong>irs</strong></span> <span class='ocrx_word' id='word_1_429' title='bbox 1394 3945 1488 4005; x_wconf 82' lang='lat' dir='ltr'><strong>corda</strong></span> <span class='ocrx_word' id='word_1_430' title='bbox 1510 3952 1583 4004; x_wconf 88' lang='lat' dir='ltr'><strong>tua:</strong></span> <span class='ocrx_word' id='word_1_431' title='bbox 1608 3944 1684 4020; x_wconf 80' lang='lat' dir='ltr'><strong>Quis</strong></span> <span class='ocrx_word' id='word_1_432' title='bbox 1707 3944 1847 4004; x_wconf 78' lang='lat' dir='ltr'><strong>ascendit</strong></span> 
     </span>
     <span class='ocr_line' id='line_1_40' title="bbox 395 4029 1844 4109; baseline -0.002 -19"><span class='ocrx_word' id='word_1_433' title='bbox 395 4030 455 4091; x_wconf 86' lang='lat' dir='ltr'><strong>tius</strong></span> <span class='ocrx_word' id='word_1_434' title='bbox 471 4049 507 4090; x_wconf 85' lang='lat' dir='ltr'><strong>ca</strong></span> <span class='ocrx_word' id='word_1_435' title='bbox 521 4030 589 4091; x_wconf 89' lang='lat' dir='ltr'><strong>loca</strong></span> <span class='ocrx_word' id='word_1_436' title='bbox 604 4029 693 4108; x_wconf 86' lang='lat' dir='ltr'><strong>hujus</strong></span> <span class='ocrx_word' id='word_1_437' title='bbox 708 4029 867 4109; x_wconf 86' lang='lat' dir='ltr'><strong>Epistolae</strong></span> <span class='ocrx_word' id='word_1_438' title='bbox 879 4029 1025 4090; x_wconf 88' lang='lat' dir='ltr'><strong>debebant</strong></span> <span class='ocrx_word' id='word_1_439' title='bbox 1041 4031 1091 4092; x_wconf 91' lang='lat' dir='ltr'><strong>ob·</strong></span> <span class='ocrx_word' id='word_1_440' title='bbox 1146 4033 1182 4091; x_wconf 83' lang='lat' dir='ltr'><strong>in</strong></span> <span class='ocrx_word' id='word_1_441' title='bbox 1197 4030 1318 4089; x_wconf 84' lang='lat' dir='ltr'><strong>coelum</strong></span> <span class='ocrx_word' id='word_1_442' title='bbox 1327 4073 1337 4103; x_wconf 91' lang='lat'><strong>,</strong></span> <span class='ocrx_word' id='word_1_443' title='bbox 1365 4038 1396 4089; x_wconf 91' lang='lat' dir='ltr'><strong>et</strong></span> <span class='ocrx_word' id='word_1_444' title='bbox 1412 4049 1490 4108; x_wconf 90' lang='lat' dir='ltr'><strong>quae</strong></span> <span class='ocrx_word' id='word_1_445' title='bbox 1512 4039 1680 4109; x_wconf 85' lang='lat' dir='ltr'><strong>sequnntur</strong></span> <span class='ocrx_word' id='word_1_446' title='bbox 1702 4049 1740 4089; x_wconf 83' lang='lat' dir='ltr'><strong>cx</strong></span> <span class='ocrx_word' id='word_1_447' title='bbox 1757 4030 1844 4089; x_wconf 85' lang='lat' dir='ltr'><strong>Dent</strong></span> 
     </span>
     <span class='ocr_line' id='line_1_41' title="bbox 394 4113 1846 4193; baseline -0.004 -16"><span class='ocrx_word' id='word_1_448' title='bbox 394 4133 532 4191; x_wconf 71' lang='lat' dir='ltr'><strong>somme,</strong></span> <span class='ocrx_word' id='word_1_449' title='bbox 558 4114 611 4174; x_wconf 91' lang='lat' dir='ltr'><strong>ubi</strong></span> <span class='ocrx_word' id='word_1_450' title='bbox 633 4123 738 4175; x_wconf 89' lang='lat' dir='ltr'><strong>auctor</strong></span> <span class='ocrx_word' id='word_1_451' title='bbox 763 4116 899 4176; x_wconf 88' lang='lat' dir='ltr'><strong>bortatur</strong></span> <span class='ocrx_word' id='word_1_452' title='bbox 924 4115 1026 4193; x_wconf 85' lang='lat' dir='ltr'><strong>lapsos</strong></span> <span class='ocrx_word' id='word_1_453' title='bbox 1053 4114 1092 4176; x_wconf 89' lang='lat' dir='ltr'><strong>ad</strong></span> <span class='ocrx_word' id='word_1_454' title='bbox 1147 4118 1196 4178; x_wconf 84' lang='lat'><strong>30.</strong></span> <span class='ocrx_word' id='word_1_455' title='bbox 1220 4115 1298 4175; x_wconf 88' lang='lat' dir='ltr'><strong>Item</strong></span> <span class='ocrx_word' id='word_1_456' title='bbox 1317 4120 1332 4174; x_wconf 97' lang='lat'>1</span> <span class='ocrx_word' id='word_1_457' title='bbox 1348 4113 1417 4174; x_wconf 82' lang='lat' dir='ltr'><strong>Oct.</strong></span> <span class='ocrx_word' id='word_1_458' title='bbox 1430 4118 1457 4174; x_wconf 84' lang='lat'><strong>9.</strong></span> <span class='ocrx_word' id='word_1_459' title='bbox 1482 4114 1846 4189; x_wconf 78' lang='lat' dir='ltr'><strong>Nouellipabisasbevi</strong></span> 
     </span>
     <span class='ocr_line' id='line_1_42' title="bbox 393 4200 1843 4284; baseline -0.002 -22"><span class='ocrx_word' id='word_1_460' title='bbox 393 4202 625 4284; x_wconf 88' lang='lat' dir='ltr'><strong>poeniteutiam,</strong></span> <span class='ocrx_word' id='word_1_461' title='bbox 650 4209 740 4281; x_wconf 90' lang='lat' dir='ltr'><strong>atque</strong></span> <span class='ocrx_word' id='word_1_462' title='bbox 760 4203 803 4259; x_wconf 89' lang='lat' dir='ltr'><strong>ita</strong></span> <span class='ocrx_word' id='word_1_463' title='bbox 817 4201 943 4281; x_wconf 87' lang='lat' dir='ltr'><strong>praebet</strong></span> <span class='ocrx_word' id='word_1_464' title='bbox 957 4204 993 4261; x_wconf 90' lang='lat' dir='ltr'><strong>iis</strong></span> <span class='ocrx_word' id='word_1_465' title='bbox 1008 4220 1091 4279; x_wconf 85' lang='lat' dir='ltr'><strong>spem</strong></span> <span class='ocrx_word' id='word_1_466' title='bbox 1145 4203 1330 4275; x_wconf 79' lang='lat' dir='ltr'><strong>trituranti,</strong></span> <span class='ocrx_word' id='word_1_467' title='bbox 1357 4221 1394 4262; x_wconf 86' lang='lat' dir='ltr'><strong>cx</strong></span> <span class='ocrx_word' id='word_1_468' title='bbox 1413 4202 1504 4261; x_wconf 88' lang='lat' dir='ltr'><strong>Dent.</strong></span> <span class='ocrx_word' id='word_1_469' title='bbox 1524 4201 1573 4263; x_wconf 85' lang='grc'><strong>25.</strong></span> <span class='ocrx_word' id='word_1_470' title='bbox 1611 4201 1688 4260; x_wconf 92' lang='lat' dir='ltr'><strong>Item</strong></span> <span class='ocrx_word' id='word_1_471' title='bbox 1712 4220 1776 4280; x_wconf 85' lang='lat' dir='ltr'><strong>cap.</strong></span> <span class='ocrx_word' id='word_1_472' title='bbox 1796 4200 1843 4259; x_wconf 83' lang='lat'><strong>15.</strong></span> 
     </span>
     <span class='ocr_line' id='line_1_43' title="bbox 393 4286 1843 4366; baseline -0.002 -19"><span class='ocrx_word' id='word_1_473' title='bbox 393 4288 501 4348; x_wconf 86' lang='lat' dir='ltr'><strong>salutis</strong></span> <span class='ocrx_word' id='word_1_474' title='bbox 517 4308 583 4365; x_wconf 91' lang='lat' dir='ltr'><strong>cap.</strong></span> <span class='ocrx_word' id='word_1_475' title='bbox 600 4287 629 4358; x_wconf 81' lang='lat'><strong>3,</strong></span> <span class='ocrx_word' id='word_1_476' title='bbox 654 4286 719 4360; x_wconf 77' lang='lat' dir='ltr'><strong>ta,</strong></span> <span class='ocrx_word' id='word_1_477' title='bbox 743 4307 808 4366; x_wconf 86' lang='lat' dir='ltr'><strong>cap.</strong></span> <span class='ocrx_word' id='word_1_478' title='bbox 832 4290 861 4358; x_wconf 88' lang='grc'><strong>4,</strong></span> <span class='ocrx_word' id='word_1_479' title='bbox 886 4289 948 4356; x_wconf 84' lang='grc'><strong>16.,</strong></span> <span class='ocrx_word' id='word_1_480' title='bbox 970 4307 1036 4365; x_wconf 88' lang='lat' dir='ltr'><strong>cap.</strong></span> <span class='ocrx_word' id='word_1_481' title='bbox 1052 4289 1089 4359; x_wconf 94' lang='grc'><strong>5.,</strong></span> <span class='ocrx_word' id='word_1_482' title='bbox 1145 4290 1261 4349; x_wconf 80' lang='lat' dir='ltr'><strong>Omnia</strong></span> <span class='ocrx_word' id='word_1_483' title='bbox 1287 4287 1416 4362; x_wconf 77' lang='lat' dir='ltr'><strong>subjecit</strong></span> <span class='ocrx_word' id='word_1_484' title='bbox 1445 4287 1501 4348; x_wconf 83' lang='lat' dir='ltr'><strong>rub</strong></span> <span class='ocrx_word' id='word_1_485' title='bbox 1531 4286 1664 4363; x_wconf 78' lang='lat' dir='ltr'><strong>pedibus</strong></span> <span class='ocrx_word' id='word_1_486' title='bbox 1690 4289 1772 4358; x_wconf 80' lang='lat' dir='ltr'><strong>ejus,</strong></span> <span class='ocrx_word' id='word_1_487' title='bbox 1804 4304 1843 4344; x_wconf 91' lang='lat' dir='ltr'><strong>ex</strong></span> 
     </span>
     <span class='ocr_line' id='line_1_44' title="bbox 392 4368 1841 4453; baseline -0.004 -19"><span class='ocrx_word' id='word_1_488' title='bbox 392 4373 445 4435; x_wconf 87' lang='lat' dir='ltr'><strong>ubi</strong></span> <span class='ocrx_word' id='word_1_489' title='bbox 460 4372 634 4435; x_wconf 88' lang='lat' dir='ltr'><strong>describitur</strong></span> <span class='ocrx_word' id='word_1_490' title='bbox 648 4372 776 4436; x_wconf 88' lang='lat' dir='ltr'><strong>officium</strong></span> <span class='ocrx_word' id='word_1_491' title='bbox 791 4372 957 4451; x_wconf 84' lang='lat' dir='ltr'><strong>pontificis,</strong></span> <span class='ocrx_word' id='word_1_492' title='bbox 979 4393 1043 4453; x_wconf 89' lang='lat' dir='ltr'><strong>cap.</strong></span> <span class='ocrx_word' id='word_1_493' title='bbox 1060 4375 1091 4446; x_wconf 87' lang='grc'><strong>8,·</strong></span> <span class='ocrx_word' id='word_1_494' title='bbox 1142 4374 1252 4435; x_wconf 89' lang='lat' dir='ltr'><strong>Psalm.</strong></span> <span class='ocrx_word' id='word_1_495' title='bbox 1283 4378 1328 4447; x_wconf 87' lang='grc'><strong>8.,</strong></span> <span class='ocrx_word' id='word_1_496' title='bbox 1359 4374 1410 4434; x_wconf 92' lang='lat' dir='ltr'><strong>ubi</strong></span> <span class='ocrx_word' id='word_1_497' title='bbox 1441 4393 1514 4434; x_wconf 89' lang='lat' dir='ltr'><strong>sane</strong></span> <span class='ocrx_word' id='word_1_498' title='bbox 1542 4370 1705 4450; x_wconf 84' lang='lat' dir='ltr'><strong>Apostolus</strong></span> <span class='ocrx_word' id='word_1_499' title='bbox 1735 4368 1841 4429; x_wconf 89' lang='lat' dir='ltr'><strong>eodem</strong></span> 
     </span>
     <span class='ocr_line' id='line_1_45' title="bbox 393 4456 1842 4539; baseline -0.004 -19"><span class='ocrx_word' id='word_1_500' title='bbox 393 4462 452 4533; x_wconf 94' lang='grc'><strong>12.,</strong></span> <span class='ocrx_word' id='word_1_501' title='bbox 468 4480 532 4539; x_wconf 84' lang='lat' dir='ltr'><strong>cap.</strong></span> <span class='ocrx_word' id='word_1_502' title='bbox 548 4463 578 4531; x_wconf 86' lang='grc'><strong>9,</strong></span> <span class='ocrx_word' id='word_1_503' title='bbox 597 4460 645 4517; x_wconf 86' lang='grc'><strong>14.</strong></span> <span class='ocrx_word' id='word_1_504' title='bbox 669 4458 741 4519; x_wconf 87' lang='lat' dir='ltr'><strong>Huc</strong></span> <span class='ocrx_word' id='word_1_505' title='bbox 756 4461 849 4519; x_wconf 86' lang='lat' dir='ltr'><strong>etium</strong></span> <span class='ocrx_word' id='word_1_506' title='bbox 864 4457 1089 4520; x_wconf 85' lang='lat' dir='ltr'><strong>facitdoetrina</strong></span> <span class='ocrx_word' id='word_1_507' title='bbox 1143 4479 1231 4520; x_wconf 85' lang='lat' dir='ltr'><strong>sensu</strong></span> <span class='ocrx_word' id='word_1_508' title='bbox 1259 4479 1377 4519; x_wconf 82' lang='lat' dir='ltr'><strong>versum</strong></span> <span class='ocrx_word' id='word_1_509' title='bbox 1407 4459 1492 4520; x_wconf 92' lang='lat' dir='ltr'><strong>illum</strong></span> <span class='ocrx_word' id='word_1_510' title='bbox 1522 4457 1661 4528; x_wconf 87' lang='lat' dir='ltr'><strong>adducit,</strong></span> <span class='ocrx_word' id='word_1_511' title='bbox 1692 4473 1782 4533; x_wconf 91' lang='lat' dir='ltr'><strong>quem</strong></span> <span class='ocrx_word' id='word_1_512' title='bbox 1812 4456 1842 4515; x_wconf 91' lang='lat' dir='ltr'><strong>ei</strong></span> 
     </span>
     <span class='ocr_line' id='line_1_46' title="bbox 390 4540 1840 4627; baseline -0.005 -21"><span class='ocrx_word' id='word_1_513' title='bbox 390 4550 523 4627; x_wconf 75' lang='lat' dir='ltr'><strong>cap.&#39;12.</strong></span> <span class='ocrx_word' id='word_1_514' title='bbox 539 4545 577 4606; x_wconf 90' lang='lat' dir='ltr'><strong>de</strong></span> <span class='ocrx_word' id='word_1_515' title='bbox 593 4543 749 4625; x_wconf 91' lang='lat' dir='ltr'><strong>disciplina</strong></span> <span class='ocrx_word' id='word_1_516' title='bbox 764 4553 902 4625; x_wconf 88' lang='lat' dir='ltr'><strong>paterna,</strong></span> <span class='ocrx_word' id='word_1_517' title='bbox 928 4566 989 4625; x_wconf 91' lang='lat' dir='ltr'><strong>qua</strong></span> <span class='ocrx_word' id='word_1_518' title='bbox 1004 4545 1088 4607; x_wconf 90' lang='lat' dir='ltr'><strong>Deus</strong></span> <span class='ocrx_word' id='word_1_519' title='bbox 1143 4545 1281 4605; x_wconf 90' lang='lat' dir='ltr'><strong>attribuit</strong></span> <span class='ocrx_word' id='word_1_520' title='bbox 1294 4545 1371 4605; x_wconf 87' lang='lat' dir='ltr'><strong>baca</strong></span> <span class='ocrx_word' id='word_1_521' title='bbox 1391 4549 1478 4624; x_wconf 85' lang='lat' dir='ltr'><strong>epist</strong></span> <span class='ocrx_word' id='word_1_522' title='bbox 1502 4565 1566 4624; x_wconf 85' lang='lat' dir='ltr'><strong>cap.</strong></span> <span class='ocrx_word' id='word_1_523' title='bbox 1584 4545 1612 4603; x_wconf 82' lang='lat'><strong>2.</strong></span> <span class='ocrx_word' id='word_1_524' title='bbox 1645 4542 1721 4601; x_wconf 92' lang='lat' dir='ltr'><strong>Item</strong></span> <span class='ocrx_word' id='word_1_525' title='bbox 1738 4544 1756 4601; x_wconf 90' lang='grc'><strong>2</strong></span> <span class='ocrx_word' id='word_1_526' title='bbox 1770 4540 1840 4602; x_wconf 79' lang='lat' dir='ltr'><strong>Gor.</strong></span> 
     </span>
     <span class='ocr_line' id='line_1_47' title="bbox 389 4631 1837 4710; baseline -0.004 -17"><span class='ocrx_word' id='word_1_527' title='bbox 389 4631 468 4693; x_wconf 79' lang='lat' dir='ltr'><strong>filios</strong></span> <span class='ocrx_word' id='word_1_528' title='bbox 484 4652 554 4694; x_wconf 88' lang='lat' dir='ltr'><strong>suos</strong></span> <span class='ocrx_word' id='word_1_529' title='bbox 569 4633 704 4710; x_wconf 82' lang='lat' dir='ltr'><strong>castigat,</strong></span> <span class='ocrx_word' id='word_1_530' title='bbox 720 4634 828 4709; x_wconf 91' lang='lat' dir='ltr'><strong>utique</strong></span> <span class='ocrx_word' id='word_1_531' title='bbox 841 4650 901 4691; x_wconf 92' lang='lat' dir='ltr'><strong>nou</strong></span> <span class='ocrx_word' id='word_1_532' title='bbox 917 4634 1087 4703; x_wconf 87' lang='lat' dir='ltr'><strong>immeritos,</strong></span> <span class='ocrx_word' id='word_1_533' title='bbox 1141 4631 1170 4689; x_wconf 85' lang='lat'><strong>4.</strong></span> <span class='ocrx_word' id='word_1_534' title='bbox 1194 4631 1341 4706; x_wconf 81' lang='lat' dir='ltr'><strong>Credidi,</strong></span> <span class='ocrx_word' id='word_1_535' title='bbox 1364 4640 1500 4708; x_wconf 80' lang='lat' dir='ltr'><strong>propter</strong></span> <span class='ocrx_word' id='word_1_536' title='bbox 1522 4631 1606 4707; x_wconf 83' lang='lat' dir='ltr'><strong>quod</strong></span> <span class='ocrx_word' id='word_1_537' title='bbox 1620 4631 1742 4690; x_wconf 83' lang='lat' dir='ltr'><strong>loeutus</strong></span> <span class='ocrx_word' id='word_1_538' title='bbox 1756 4648 1837 4701; x_wconf 85' lang='lat' dir='ltr'><strong>aum,</strong></span> 
     </span>
     <span class='ocr_line' id='line_1_48' title="bbox 390 4716 1839 4798; baseline -0.004 -19"><span class='ocrx_word' id='word_1_539' title='bbox 390 4717 443 4779; x_wconf 88' lang='lat' dir='ltr'><strong>sed</strong></span> <span class='ocrx_word' id='word_1_540' title='bbox 466 4738 546 4778; x_wconf 89' lang='lat' dir='ltr'><strong>nuuc</strong></span> <span class='ocrx_word' id='word_1_541' title='bbox 566 4719 706 4798; x_wconf 71' lang='lat' dir='ltr'><strong>gravius,</strong></span> <span class='ocrx_word' id='word_1_542' title='bbox 732 4736 812 4777; x_wconf 89' lang='lat' dir='ltr'><strong>nuuc</strong></span> <span class='ocrx_word' id='word_1_543' title='bbox 834 4719 932 4777; x_wconf 87' lang='lat' dir='ltr'><strong>miuus</strong></span> <span class='ocrx_word' id='word_1_544' title='bbox 954 4719 1087 4798; x_wconf 85' lang='lat' dir='ltr'><strong>graviter</strong></span> <span class='ocrx_word' id='word_1_545' title='bbox 1141 4736 1180 4776; x_wconf 88' lang='lat' dir='ltr'><strong>ex</strong></span> <span class='ocrx_word' id='word_1_546' title='bbox 1195 4716 1306 4777; x_wconf 89' lang='lat' dir='ltr'><strong>Psalm.</strong></span> <span class='ocrx_word' id='word_1_547' title='bbox 1325 4718 1396 4777; x_wconf 93' lang='grc'><strong>115.</strong></span> <span class='ocrx_word' id='word_1_548' title='bbox 1434 4718 1513 4777; x_wconf 92' lang='lat' dir='ltr'><strong>Item</strong></span> <span class='ocrx_word' id='word_1_549' title='bbox 1535 4735 1600 4794; x_wconf 82' lang='lat' dir='ltr'><strong>cap.</strong></span> <span class='ocrx_word' id='word_1_550' title='bbox 1617 4719 1645 4776; x_wconf 89' lang='lat'><strong>8.</strong></span> <span class='ocrx_word' id='word_1_551' title='bbox 1669 4717 1731 4790; x_wconf 81' lang='lat' dir='ltr'><strong>Oui</strong></span> <span class='ocrx_word' id='word_1_552' title='bbox 1754 4716 1839 4774; x_wconf 86' lang='lat' dir='ltr'><strong>mul·</strong></span> 
     </span>
     <span class='ocr_line' id='line_1_49' title="bbox 390 4801 1838 4884; baseline -0.005 -18"><span class='ocrx_word' id='word_1_553' title='bbox 390 4803 610 4884; x_wconf 84' lang='lat' dir='ltr'><strong>delinquentes.</strong></span> <span class='ocrx_word' id='word_1_554' title='bbox 644 4803 722 4865; x_wconf 87' lang='lat' dir='ltr'><strong>Vide</strong></span> <span class='ocrx_word' id='word_1_555' title='bbox 744 4802 850 4864; x_wconf 91' lang='lat' dir='ltr'><strong>eodem</strong></span> <span class='ocrx_word' id='word_1_556' title='bbox 866 4823 929 4883; x_wconf 84' lang='lat' dir='ltr'><strong>cap.</strong></span> <span class='ocrx_word' id='word_1_557' title='bbox 946 4824 974 4864; x_wconf 80' lang='lat' dir='ltr'><strong>v.</strong></span> <span class='ocrx_word' id='word_1_558' title='bbox 994 4805 1040 4864; x_wconf 85' lang='grc'><strong>13.</strong></span> <span class='ocrx_word' id='word_1_559' title='bbox 1057 4810 1088 4863; x_wconf 92' lang='lat' dir='ltr'><strong>et</strong></span> <span class='ocrx_word' id='word_1_560' title='bbox 1139 4810 1225 4878; x_wconf 88' lang='lat' dir='ltr'><strong>tum,</strong></span> <span class='ocrx_word' id='word_1_561' title='bbox 1248 4821 1316 4864; x_wconf 84' lang='lat' dir='ltr'><strong>nau</strong></span> <span class='ocrx_word' id='word_1_562' title='bbox 1331 4804 1527 4878; x_wconf 83' lang='lat' dir='ltr'><strong>abundavit,</strong></span> <span class='ocrx_word' id='word_1_563' title='bbox 1551 4810 1581 4862; x_wconf 85' lang='lat' dir='ltr'><strong>ct</strong></span> <span class='ocrx_word' id='word_1_564' title='bbox 1597 4804 1653 4878; x_wconf 86' lang='lat' dir='ltr'><strong>qui</strong></span> <span class='ocrx_word' id='word_1_565' title='bbox 1667 4801 1838 4876; x_wconf 83' lang='lat' dir='ltr'><strong>modicum,</strong></span> 
     </span>
     <span class='ocr_line' id='line_1_50' title="bbox 390 4885 1836 4965; baseline -0.005 -14"><span class='ocrx_word' id='word_1_566' title='bbox 390 4892 440 4952; x_wconf 85' lang='grc'><strong>24.</strong></span> <span class='ocrx_word' id='word_1_567' title='bbox 463 4891 508 4950; x_wconf 82' lang='lat' dir='ltr'><strong>Ac</strong></span> <span class='ocrx_word' id='word_1_568' title='bbox 521 4888 659 4950; x_wconf 90' lang='lat' dir='ltr'><strong>omuibus</strong></span> <span class='ocrx_word' id='word_1_569' title='bbox 671 4891 718 4951; x_wconf 93' lang='lat' dir='ltr'><strong>his</strong></span> <span class='ocrx_word' id='word_1_570' title='bbox 730 4889 804 4951; x_wconf 90' lang='lat' dir='ltr'><strong>locis</strong></span> <span class='ocrx_word' id='word_1_571' title='bbox 816 4889 1086 4958; x_wconf 80' lang='lat' dir='ltr'><strong>consuleuostrum</strong></span> <span class='ocrx_word' id='word_1_572' title='bbox 1137 4907 1205 4949; x_wconf 82' lang='lat' dir='ltr'><strong>nou</strong></span> <span class='ocrx_word' id='word_1_573' title='bbox 1220 4892 1414 4965; x_wconf 81' lang='lat' dir='ltr'><strong>minoravit,</strong></span> <span class='ocrx_word' id='word_1_574' title='bbox 1431 4908 1471 4950; x_wconf 86' lang='lat' dir='ltr'><strong>cx</strong></span> <span class='ocrx_word' id='word_1_575' title='bbox 1486 4887 1583 4949; x_wconf 85' lang='lat' dir='ltr'><strong>Exod.</strong></span> <span class='ocrx_word' id='word_1_576' title='bbox 1602 4888 1650 4947; x_wconf 86' lang='grc'><strong>16.</strong></span> <span class='ocrx_word' id='word_1_577' title='bbox 1676 4885 1752 4946; x_wconf 85' lang='lat' dir='ltr'><strong>Item</strong></span> <span class='ocrx_word' id='word_1_578' title='bbox 1769 4887 1836 4947; x_wconf 86' lang='lat' dir='ltr'><strong>Gal.</strong></span> 
     </span>
     <span class='ocr_line' id='line_1_51' title="bbox 389 4973 1836 5050; baseline -0.003 -12"><span class='ocrx_word' id='word_1_579' title='bbox 389 4974 646 5038; x_wconf 68' lang='lat' dir='ltr'><strong>Commentariun</strong></span> <span class='ocrx_word' id='word_1_580' title='bbox 1137 4980 1165 5038; x_wconf 84' lang='grc'><strong>2.</strong></span> <span class='ocrx_word' id='word_1_581' title='bbox 1199 4976 1387 5037; x_wconf 76' lang='lat' dir='ltr'><strong>Maledictus</strong></span> <span class='ocrx_word' id='word_1_582' title='bbox 1417 4978 1520 5036; x_wconf 84' lang='lat' dir='ltr'><strong>amuis</strong></span> <span class='ocrx_word' id='word_1_583' title='bbox 1526 5018 1536 5048; x_wconf 92' lang='lat'><strong>,</strong></span> <span class='ocrx_word' id='word_1_584' title='bbox 1566 4975 1622 5050; x_wconf 86' lang='lat' dir='ltr'><strong>qui</strong></span> <span class='ocrx_word' id='word_1_585' title='bbox 1648 4973 1768 5048; x_wconf 80' lang='lat' dir='ltr'><strong>pendat</strong></span> <span class='ocrx_word' id='word_1_586' title='bbox 1797 4976 1836 5050; x_wconf 73' lang='lat' dir='ltr'><strong>in</strong></span> 
     </span>
    </p>
   </div>
   <div class='ocr_carea' id='block_1_3' title="bbox 0 0 2226 5825">
    <p class='ocr_par' dir='ltr' id='par_1_3' title="bbox 0 0 2226 5825">
     <span class='ocr_line' id='line_1_52' title="bbox 0 0 2226 5825; baseline 0 11"><span class='ocrx_word' id='word_1_587' title='bbox 0 0 2226 5825; x_wconf 95' lang='lat' dir='ltr'><strong> </strong></span> 
     </span>
    </p>
   </div>
  </div>
 </body>
</html>
