4442 5825
756 580 919 637 tristem
934 581 1022 637 euru
1037 582 1151 637 mmet.
1181 581 1266 637 lm.
1283 582 1386 636 e-to.
1731 584 1804 657 405

380 757 525 821 affirmo
538 758 679 839 intelligi,
700 757 826 839 quondo
841 779 895 839 per
908 759 1059 821 Romanos
1112 758 1213 831 fortes,
1236 759 1305 820 dum
1322 757 1378 819 sibi
1394 756 1525 839 placent,
1549 755 1735 819 infirmitates
1757 773 1806 819 ee

379 844 526 915 hiemat
539 846 743 927 Jeroeolymr,
766 855 797 907 et
819 845 950 926 populus
964 849 994 906 in
1010 867 1058 907 ea·
1112 866 1186 920 rum,
1209 846 1387 926 quibuscum
1411 852 1578 915 vacentur,
1604 844 1807 923 impetieutiue

378 934 535 1013 perinte-1
564 932 680 995 duetus.
727 934 806 995 Nem
835 944 954 1011 tempus
983 933 1057 993 illud
1114 934 1224 1009 torena
1262 940 1367 993 contre
1396 950 1472 1012 quos
1501 930 1666 1010 Apostolus
1695 929 1808 995 Paulus

376 1018 773 1101 uecmrppropioqocbot,
786 1018 1057 1100 quenchcoobus
1114 1022 1282 1081 Rom.15.:
1310 1019 1475 1090 Debemus,
1501 1020 1551 1090 eit,
1575 1036 1634 1081 nos
1653 1016 1809 1092 micres

376 1102 443 1167 hee
454 1106 611 1169 scribebat.
1113 1107 1342 1169 imbecillitates
1361 1105 1563 1180 infirmorum
1585 1106 1755 1178 sustinere,
1780 1109 1809 1167 et

409 1190 467 1255 deri
483 1191 741 1259 inhorrentem
754 1192 802 1257 tie
817 1193 1056 1257 commentarius.
1114 1212 1180 1255 nem
1196 1194 1286 1255 nebit
1305 1193 1441 1269 placere.
1464 1191 1541 1252 Sunt
1556 1191 1615 1264 elii,
1639 1200 1746 1253 netues
1761 1208 1808 1251 su·

375 1274 436 1345 lieu
449 1280 528 1349 enim
539 1281 571 1341 in
581 1278 634 1344 illo
646 1278 779 1341 adventu
793 1288 972 1357 receperunt
985 1278 1057 1339 ede
1114 1281 1237 1359 spiciosi
1249 1291 1278 1345 et
1288 1280 1328 1341 ed
1340 1282 1541 1358 proximorum
1554 1278 1635 1339 iectu
1647 1274 1809 1353 indicendo

374 1362 551 1429 beccum
566 1366 677 1431 loboris
691 1374 723 1427 et
736 1366 902 1444 patientioe
915 1384 988 1427 enee
1003 1365 1058 1426 sub
1114 1369 1261 1447 prompti,
1290 1367 1422 1427 maxime
1448 1364 1560 1444 quibus
1591 1364 1693 1443 eliqua
1721 1371 1809 1441 pecto

373 1450 509 1533 prrsbole
522 1453 676 1531 agricolae
696 1454 891 1531 premissum,
913 1451 968 1515 sed
992 1470 1058 1515 euru
1114 1454 1212 1515 leesor
1233 1472 1266 1512 ss
1289 1453 1468 1515 existiment.
1492 1452 1621 1530 Utrique
1643 1450 1692 1511 hic
1707 1448 1807 1515 eeno-

373 1536 462 1601 edhnc
490 1547 671 1618 exspectem
698 1538 908 1618 recipiendum
938 1540 970 1599 iu
1007 1538 1059 1601 illo
1114 1551 1231 1611 nentur,
1247 1547 1280 1599 ut
1297 1539 1425 1601 offences
1439 1538 1565 1603 fratrum
1580 1555 1680 1615 ecque
1695 1555 1732 1597 ec
1747 1534 1810 1613 ple·

372 1622 486 1691 mmor·
501 1625 645 1699 advene,
667 1644 756 1704 quem
770 1625 967 1704 Apostolieee
981 1623 1058 1688 Sori-
1114 1625 1183 1687 cido
1198 1628 1298 1689 enimc
1311 1624 1417 1697 lerunt,
1433 1643 1489 1685 nec
1503 1642 1554 1687 eos
1566 1622 1646 1702 apud
1658 1640 1700 1695 se,
1715 1639 1810 1693 sacre

372 1719 470 1791 pierre
491 1710 580 1773 nobie
606 1713 716 1793 poesim
743 1712 929 1777 renuntient.
967 1710 1059 1775 Hune
1115 1714 1227 1791 judicic
1249 1711 1460 1785 condemnent3
1483 1730 1521 1771 ne
1545 1710 1642 1771 simile
1661 1706 1809 1788 judicium

372 1796 457 1877 Uter
480 1796 645 1863 niomium
667 1796 780 1865 Christi
805 1798 929 1860 Domini
955 1796 1005 1861 bio
1029 1806 1060 1857 et
1112 1810 1143 1859 ct
1165 1801 1221 1880 ipsi
1243 1797 1325 1878 spud
1349 1799 1447 1859 Deum
1472 1798 1672 1877 experiantur,
1696 1795 1809 1874 fietque

373 1884 503 1965 sperius
518 1886 691 1963 significeri,
714 1894 796 1945 reete
817 1892 942 1947 censent
957 1902 1059 1945 omnee
1112 1887 1171 1958 eis,
1197 1884 1279 1966 quood
1299 1884 1409 1949 talibus
1429 1884 1559 1945 minetur
1583 1883 1744 1951 nominoe:
1767 1882 1809 1943 In

374 1968 419 2035 elii
433 1972 624 2051 interpretes.
646 1972 766 2035 Dicitur
789 1982 888 2037 eutem
903 1972 1060 2035 aduentus
1112 1991 1176 2049 quo
1186 1973 1310 2047 judicio
1321 1972 1553 2045 judicaveritis,
1566 1969 1805 2045 iudicabimini,

373 2056 717 2137 llleepprepinquaree,
733 2060 799 2119 eive
809 2059 1059 2139 appropinquare,
1112 2060 1218 2121 Metth.
1246 2063 1272 2123 i.
1314 2057 1497 2136 intelligitur
1526 2066 1625 2119 eutem
1649 2056 1808 2131 judicium

373 2144 438 2225 quie
461 2143 529 2211 dise
550 2148 617 2226 ejus
639 2146 784 2225 paulatim
811 2146 846 2207 fit
869 2147 1006 2225 propior3
1029 2151 1060 2205 et
1113 2148 1178 2206 sivo
1194 2146 1417 2211 condemnatio
1440 2144 1491 2211 rol
1507 2144 1545 2205 ed
1571 2162 1696 2223 poenam
1712 2151 1807 2211 ester·

374 2248 457 2313 parm
481 2238 604 2307 renuit,
626 2233 822 2311 intelligetur,
844 2250 934 2312 quem
952 2250 1059 2295 revorti
1112 2253 1190 2305 nem,
1206 2233 1256 2295 vel
1268 2233 1307 2297 ed
1325 2232 1527 2311 temporalem,
1543 2251 1597 2309 pro
1611 2230 1726 2290 ratione
1741 2248 1808 2308 pec·

372 2320 550 2399 propinquus
579 2320 686 2393 fuerit,
728 2328 761 2378 et
789 2340 849 2381 nou
878 2318 1057 2393 tardaveritp
1113 2322 1172 2381 ceti
1185 2320 1259 2399 ejus,
1275 2316 1618 2398 quiedversnsfrstrsm
1631 2316 1807 2394 ingemiscit,

373 2404 722 2486 qumqucbreveiucrit
737 2416 963 2484 omnetempuo,
978 2405 1058 2485 quod
1113 2425 1246 2485 eumque
1267 2404 1394 2483 judicet.
1417 2404 1516 2484 Scope
1539 2405 1618 2464 enim
1637 2404 1668 2465 in
1681 2402 1728 2463 hie
1742 2412 1807 2469 tan·

372 2508 430 2557 ιιι
451 2493 638 2573 ρῐιοοοωὶις
663 2512 756 2573 quum
776 2494 955 2570 preeeertim
977 2489 1058 2571 opud
1112 2502 1174 2557 tum
1190 2492 1348 2555 venialiter
1363 2500 1512 2571 peccetur.

371 2576 526 2645 liminum
541 2580 704 2642 milleeuul
718 2580 787 2651 siut,
801 2581 882 2641 sicut
895 2579 959 2641 diee
972 2597 1058 2648 unus,
1156 2581 1235 2645 Eece
1253 2579 1354 2653 iudex
1376 2586 1452 2639 onte
1470 2581 1607 2653 januam
1624 2577 1747 2637 aarum.
1771 2574 1808 2647 Id

371 2666 479 2733 Ποῦ.
496 2670 527 2729 ii.
550 2664 961 2731 numennumen:
988 2667 1058 2727 De-
1112 2675 1168 2739 eet,
1191 2668 1220 2725 iu
1244 2669 1381 2744 proximo
1404 2673 1457 2725 est.
1492 2665 1641 2729 Jociccm
1667 2662 1808 2741 iutelligit

372 2756 470 2813 minue
481 2772 587 2830 prope
601 2760 656 2813 eet.
678 2753 813 2817 semem
827 2772 900 2831 ergo
914 2770 1058 2831 preeseus
1111 2752 1277 2825 Christum,
1304 2751 1342 2813 ds
1364 2771 1423 2832 quc
1445 2751 1509 2830 jem
1536 2751 1626 2811 dixit:
1654 2753 1807 2826 quonium

371 2836 405 2903 td
416 2841 592 2922 pertenuem
608 2838 775 2905 exhortatio
791 2839 969 2899 ebrevitete
984 2847 1056 2901 tem·
1111 2841 1268 2903 aduentus
1279 2841 1413 2903 Domini
1429 2839 1714 2916 appropinquavit.
1731 2837 1808 2899 Sunt

371 2929 452 3008 pris.
475 2947 538 3007 que
560 2927 685 2992 serenda
707 2937 778 2988 suut
798 2927 888 2999 mule,
912 2935 943 2992 et
956 2946 975 2985 e
990 2946 1056 3006 pru·
1110 2929 1189 2987 enim
1206 2928 1311 2992 cedem
1327 2926 1401 2990 hese
1417 2925 1485 2999 dno,
1507 2927 1671 2988 edveutum
1685 2925 1807 2986 Domini

371 3015 533 3095 phariseis
546 3014 757 3076 retributionis.
1110 3016 1368 3095 eppropiuquere,
1399 3022 1430 3072 et
1456 3013 1591 3093 judicem
1621 3023 1720 3074 estere
1752 3030 1807 3091 pro

405 3105 435 3166 θ.
457 3102 564 3166 Nolite
577 3104 791 3176 inpemiecere,
805 3103 938 3178 fratres,
954 3103 991 3159 in
1006 3100 1057 3162 cl·
1109 3099 1234 3164 toribus.
1269 3102 1362 3162 Porro
1386 3099 1462 3160 dues
1489 3099 1526 3162 ob
1550 3119 1657 3164 causes
1680 3097 1807 3176 intelligi

371 3193 530 3264 meum,
554 3195 591 3248 ut
612 3207 679 3250 non
698 3189 897 3262 judicemini.
924 3186 1057 3248 Graecei
1109 3196 1211 3267 potest
1234 3188 1310 3248 benc
1335 3195 1449 3265 portem
1473 3206 1491 3246 s
1513 3186 1631 3248 Jscobo
1653 3184 1805 3246 additum:

371 3273 409 3342 dt
421 3277 616 3352 mittite
630 3276 781 3336 adversus
800 3275 1003 3347 alterutrum,
1027 3273 1056 3336 id
1109 3275 1161 3340 vel
1175 3283 1209 3334 nt
1224 3273 1379 3352 significet,
1396 3273 1517 3334 fratrem
1533 3293 1591 3332 nou
1607 3290 1675 3334 esso
1687 3292 1705 3329 ιι
1720 3272 1806 3333 nobis

371 3367 417 3436 set,
429 3362 509 3428 elius
520 3362 666 3426 adversus
678 3361 780 3434 ulium,
793 3363 924 3439 fratres,
940 3369 1057 3422 utnon
1106 3360 1312 3441 jodiosmlum,
1327 3359 1406 3439 qnod
1418 3360 1553 3437 judicem
1568 3359 1680 3420 hebent
1696 3357 1807 3430 Deum,

371 3449 625 3516 memmium.
648 3448 727 3510 Nem
743 3449 931 3527 Gejetnuum,
951 3449 1003 3525 qni
1019 3467 1057 3512 er
1110 3449 1194 3512 brevi
1219 3455 1389 3518 venturum,
1413 3448 1499 3524 cujus
1519 3445 1636 3523 judicio
1658 3446 1699 3504 sit
1713 3445 1802 3506 reliu-

371 3533 480 3604 Deeseo
494 3535 679 3600 reddendum
695 3545 794 3616 putet:
812 3539 910 3610 juxta
934 3536 1056 3595 oltem-
1110 3533 1255 3618 quendus,
1282 3533 1320 3596 de
1344 3553 1404 3613 qno
1430 3533 1578 3611 superiori
1601 3533 1707 3610 cupite,
1734 3551 1802 3592 eum

371 3629 465 3698 hem,
492 3621 572 3694 felii,
599 3624 787 3702 perspicuum
811 3633 864 3682 est.
900 3623 1056 3686 Gemitum
1109 3622 1247 3684 similiter
1273 3622 1312 3682 de
1338 3619 1431 3684 fratrs
1453 3641 1514 3680 nen
1531 3617 1695 3698 judicando
1718 3638 1802 3697 pree·

371 3709 504 3790 *relligio
532 3708 698 3789 Apostolus
724 3712 958 3780 accusatorium,
989 3727 1055 3767 cnm
1109 3711 1231 3787 ciperet
1254 3709 1380 3787 edjecit:
1412 3710 1501 3768 Unus
1521 3715 1563 3767 est
1585 3706 1747 3781 lepielcter
1774 3712 1803 3765 et

371 3797 429 3876 peis
451 3797 553 3860 ruine
568 3797 734 3874 regemitu
758 3791 853 3875 (quod
870 3794 967 3856 libere
981 3815 1057 3854 vocs
1103 3797 1224 3871 iisdem
1255 3796 1303 3854 vel
1329 3792 1424 3874 (qued
1449 3791 1648 3874 probabilius)
1674 3802 1707 3852 nt
1734 3792 1801 3870 ipsi,

371 3899 420 3946 ure
441 3878 548 3957 rudet)
570 3882 746 3961 proximem,
773 3902 861 3963 quem
885 3881 943 3942 sibi
966 3882 1055 3942 moie-
1109 3884 1163 3963 qui
1185 3884 1336 3943 advorsus
1359 3884 1464 3942 fratres
1484 3881 1692 3957 ingemiscunt,
1720 3879 1801 3940 Chri·

371 3979 438 4034 w
452 3971 554 4038 senet.
577 3979 701 4036 receset
723 3977 755 4031 et
777 3969 961 4034 condemnet.
985 3969 1055 4046 Qum
1108 3977 1187 4032 stum
1195 3970 1330 4047 judicem
1342 3977 1476 4028 metuent
1485 3968 1609 4046 jemjem
1617 3965 1801 4043 edicturum,

371 4057 446 4117 'stre
468 4055 630 4136 dupliciter
647 4063 799 4135 peccatur,
823 4076 877 4136 per
900 4057 1054 4134 impatiou·
1108 4075 1148 4116 ne
1177 4057 1294 4116 scilieet
1320 4054 1357 4115 eb
1388 4074 1422 4114 so
1453 4053 1696 4120 condemnentur.
1733 4054 1802 4118 Hoc

371 4141 432 4212 hm
446 4153 480 4212 et
494 4161 551 4222 per
571 4151 746 4222 usurpetnm
768 4142 807 4202 de
826 4143 961 4221 proximo
973 4141 1054 4221 judi·
1109 4145 1188 4204 enim
1201 4143 1381 4221 praecessit:
1403 4143 1518 4208 Utnon
1525 4142 1723 4214 judicemini.
1737 4142 1801 4220 sig·

371 4227 445 4298 in.
467 4229 580 4309 Iteque
603 4238 792 4309 preeoeptum
815 4229 871 4290 hoc
892 4230 990 4290 simile
1009 4237 1055 4290 cst
1108 4229 1210 4290 niiicst
1231 4228 1404 4306 Apostolus,
1426 4227 1589 4290 edventum
1606 4229 1727 4290 Domini
1742 4247 1801 4288 uon

371 4311 406 4378 Π
418 4323 581 4398 paecepto
595 4315 769 4376 Dominicc:
786 4317 890 4376 Nolite
905 4316 1054 4377 condem·
1107 4316 1203 4376 solum
1218 4315 1274 4386 bis,
1290 4317 1342 4393 qui
1358 4335 1412 4374 nos
1429 4316 1609 4394 opprimunt,
1632 4314 1801 4376 formidabi-

371 4419 450 4478 tere,
473 4413 505 4464 et
525 4403 913 4476 noncundcmncbimini,
936 4403 1008 4463 Luc.
1025 4405 1054 4462 e.
1106 4402 1166 4463 iem
1194 4422 1259 4462 esse
1285 4402 1410 4477 dehere,
1441 4421 1546 4466 verum
1573 4411 1602 4461 ct
1627 4403 1722 4473 nobis,
1748 4401 1802 4479 qni

371 4487 458 4552 eoem
472 4507 555 4570 ergo,
577 4509 636 4551 non
651 4489 747 4549 selum
771 4489 972 4550 exhibendum
987 4508 1055 4549 esse
1107 4492 1240 4569 petimur
1262 4489 1397 4568 injurius,
1420 4491 1445 4548 si
1467 4488 1517 4548 vsi
1535 4490 1728 4569 impatientis,
1750 4486 1802 4547 vel

371 4579 536 4646 ufflnthm
556 4577 588 4638 iu
610 4575 742 4638 ferendis
765 4574 930 4638 meniieetis
945 4578 1052 4654 impro·
1106 4577 1265 4638 temerario
1282 4577 1311 4636 in
1328 4576 1397 4635 illos
1408 4575 1524 4655 judicio
1539 4594 1706 4656 peccemus.

371 4681 463 4732 emm
479 4663 609 4743 injuriis,
632 4662 670 4722 de
694 4663 802 4742 quibus
817 4662 980 4738 becteuns3
1004 4683 1053 4722 ve·
1153 4663 1201 4723 10.
1225 4664 1417 4739 Exemplum
1429 4666 1572 4739 accipite,
1586 4664 1717 4739 fratres,
1734 4666 1801 4724 eei·

371 4769 423 4818 ιι
443 4751 537 4818 etiem
554 4749 764 4810 intolerandis
780 4768 816 4808 ec
832 4749 1053 4812 dissimulandis
1106 4752 1262 4823 turmali,
1280 4750 1399 4811 loboris
1412 4758 1440 4810 et
1454 4753 1641 4826 patientiae,
1657 4750 1801 4825 Prophe·

371 4839 571 4900 riuutioribne
594 4835 725 4908 offensis,
746 4834 854 4915 quales
874 4856 941 4896 esse
957 4837 1054 4900 solent
1105 4843 1166 4910 tce,
1188 4840 1243 4913 qui
1258 4839 1356 4898 locuti
1370 4844 1444 4897 eunt
1464 4840 1498 4898 in
1514 4839 1643 4898 nomine
1658 4838 1801 4896 Domini.

371 4921 482 4994 'reim
496 4921 780 4990 rodomeeticornm
797 4923 874 4985 iuter
890 4943 932 4982 sc.
1106 4921 1287 4988 Exhortatio
1313 4931 1361 4984 est
1386 4924 1424 4986 eh
1451 4923 1597 5004 exemplis
1621 4931 1801 4998 sructoruur,

396 5009 478 5083 flunt
491 5011 582 5082 euius,
603 5010 657 5090 qui
670 5010 702 5076 iu
723 5017 828 5088 aperte
845 5009 1054 5090 perseeutione
1106 5028 1199 5089 quem
1221 5018 1255 5071 nt
1278 5011 1511 5074 efficacissimum
1532 5010 1636 5074 ultimo
1655 5011 1722 5074 loeo
1741 5031 1800 5076 ser·

405 5106 761 5152 cartennensem
1552 5112 1597 5175 30
