4442 5825
694 590 858 647 erutum
875 592 903 649 ll.
919 592 1008 648 satit
1023 592 1118 647 PE'llil.
1149 592 1234 648 VEBS.
1255 594 1294 648 12.
1314 595 1354 648 ta.
1667 598 1739 668 639

371 770 527 848 sordere,
542 788 647 832 rursus
661 770 693 831 in
709 767 826 830 Graeco
842 775 886 828 est
900 769 993 848 parti·
1045 770 1130 846 socie
1153 770 1224 844 Dei,
1249 777 1412 850 utrumque
1433 768 1546 830 Psalm.
1563 770 1614 830 et.
1636 767 1742 829 Potest

370 878 427 919 im:
444 851 644 936 καυσούμενα,
657 859 850 917 aestuantia.
878 854 993 916 Tabes-
1047 858 1135 916 etiam
1149 859 1243 917 verti:
1264 865 1399 933 propter
1413 875 1516 935 quem,
1543 855 1660 916 scilieet
1680 857 1741 916 od·

371 991 375 1015 .
393 944 528 1007 Graece:
544 937 681 1023 τήκεται,
701 945 889 1020 liquescunt,
906 961 992 1022 prae·
1048 949 1175 1004 centum
1184 967 1196 1019 ;
1218 961 1252 1003 us
1270 943 1425 1023 significet,
1449 944 1530 1003 illam
1545 944 1741 1003 mutationem

371 1035 568 1113 atemporis3
584 1050 763 1115 quemquam
780 1028 927 1090 tutorum:
943 1044 993 1087 τα·
1047 1028 1148 1090 mundi
1169 1029 1233 1089 iore
1256 1029 1406 1110 quandam
1423 1030 1574 1091 adventus
1589 1029 1741 1089 Dominici

373 1135 438 1195 ται,
455 1120 637 1196 liquescent,
652 1115 875 1196 inquibusdsm
892 1134 992 1176 exem·
1046 1117 1316 1196 praeparationem.
1360 1118 1451 1190 Nam,
1487 1127 1520 1177 ut
1548 1135 1640 1196 supra
1668 1115 1741 1188 dixi,

371 1205 435 1269 bus
458 1205 577 1285 legitur,
599 1205 771 1266 nominatim
795 1205 826 1263 in
850 1201 992 1282 Compln-
1047 1204 1246 1284 praesentiam
1276 1203 1387 1265 Christi
1409 1201 1526 1282 judicis
1553 1202 1608 1264 illa
1635 1202 1741 1263 mundi

371 1312 428 1354 ‚aa
441 1293 549 1370 Regio.
572 1289 729 1372 Quomodo
752 1298 783 1351 et
804 1289 993 1368 Augustinus
1047 1291 1213 1369 perignem
1236 1291 1373 1371 purgatio
1389 1298 1419 1350 et
1434 1291 1587 1352 innovatio
1602 1307 1740 1369 praeees-

383 1380 420 1441 in
434 1379 555 1441 intuso:
578 1380 800 1455 decoquentur.
825 1376 895 1438 Non
910 1373 994 1437 aliud
1046 1394 1118 1437 sura
1133 1386 1188 1436 est.
1211 1376 1300 1437 Unde
1321 1385 1352 1437 et
1372 1376 1560 1456 Augustinus
1583 1397 1654 1456 pro:
1678 1376 1741 1435 ud·

371 1486 395 1527 n
417 1465 476 1528 bae
497 1473 583 1548 parte
605 1464 671 1526 vult
691 1461 872 1545 Apostolus,
902 1482 994 1542 quam
1047 1470 1162 1537 uentu,
1194 1463 1282 1543 legit:
1311 1467 1535 1539 praesentium.
1571 1463 1741 1543 Utrumque

371 1554 377 1614 l
400 1551 597 1632 supradixit,
617 1551 718 1613 coelos
739 1552 941 1625 transiturus,
965 1557 995 1610 et
1047 1552 1128 1610 enim
1143 1549 1263 1611 Graeca
1279 1549 1372 1611 dictio
1388 1544 1540 1627 παρουσία
1555 1549 1712 1630 signifieat.

371 1647 454 1701 ento
484 1639 590 1701 calore
614 1638 786 1714 soluendu;
824 1637 881 1697 nisi
911 1633 994 1715 qnod
1092 1638 1141 1696 13.
1164 1638 1270 1698 Nouos
1285 1656 1360 1699 vero
1375 1637 1486 1712 coelos,
1504 1645 1662 1699 etnouom
1675 1644 1740 1695 ter·

371 1728 550 1808 expressius
576 1726 699 1798 astruit,
725 1723 810 1783 illum
835 1723 992 1782 coelorum
1046 1741 1117 1782 rum
1133 1725 1305 1785 seeundum
1327 1728 1484 1800 promisso
1498 1727 1597 1801 ipsius
1612 1741 1739 1799 suspec-

371 1815 458 1875 situm
484 1833 521 1874 ao
545 1812 782 1873 dissolutionem
804 1811 938 1885 ardore,
963 1808 994 1868 id
1047 1817 1160 1871 tumus.
1190 1812 1361 1885 Promissa,
1389 1810 1521 1872 Graece:
1549 1815 1741 1889 promissum

371 1898 533 1977 incendio,
558 1896 779 1979 peragendum
809 1897 912 1977 utique
933 1914 994 1972 per
1047 1916 1102 1958 eeu
1130 1900 1389 1973 promissionem,
1428 1918 1549 1959 numero
1586 1897 1741 1977 singulari.

371 2006 416 2062 m,
431 1988 486 2047 eui
496 1987 606 2060 coelos,
624 1987 679 2062 qui
690 2002 777 2045 nunc
791 1991 875 2058 sunt,
892 2000 993 2043 reser-
1048 1982 1137 2062 Quod
1157 1991 1257 2045 autem
1280 1986 1311 2044 in
1326 1986 1443 2047 Latinis
1467 1985 1648 2063 quibusdam
1671 2003 1740 2062 pro:

371 2091 492 2148 resse,
515 2075 580 2152 jam
606 2084 677 2132 ante
698 2068 827 2131 dixerat.
860 2069 993 2130 Similem
1046 2071 1742 2151 secundumpromisso,legitur:etpromissa,

371 2168 388 2220 t
415 2179 552 2233 senmm,
580 2159 660 2239 quod
684 2160 722 2218 de
745 2158 903 2218 elementis
925 2155 992 2217 sub·
1047 2159 1077 2217 in
1093 2159 1304 2236 manuscriptis
1321 2158 1550 2238 probatioribus,
1566 2177 1646 2238 quae
1659 2154 1742 2237 apud

371 2244 993 2326 iudicans,quoduestuuntioliquesoent5
1046 2263 1102 2303 nos
1116 2254 1195 2313 sunt,
1219 2264 1278 2304 non
1300 2246 1453 2323 ropetitur,
1477 2246 1520 2304 uti
1542 2264 1599 2304 neo
1620 2246 1739 2305 omnino

371 2355 389 2395 a
402 2333 579 2415 metaphora
593 2352 613 2392 a
627 2352 704 2406 cern,
721 2332 769 2391 cui
783 2332 809 2390 si
824 2332 923 2410 ignem
941 2328 991 2389 ad·
1047 2332 1077 2388 in
1094 2329 1217 2391 Graecis
1233 2330 1322 2391 hodie
1339 2331 1544 2406 exstantibus,
1560 2332 1680 2390 tametsi
1696 2328 1740 2389 la·

371 2441 432 2493 sae,
448 2421 549 2480 statim
566 2419 693 2478 solvitur
707 2437 743 2477 ao
758 2417 909 2496 liquescit.
925 2415 993 2475 Hae
1047 2415 1103 2477 oile
1119 2417 1215 2497 potuit
1230 2407 1309 2474 κατὰ
1326 2417 1535 2479 abbreviatum
1548 2437 1567 2477 a
1578 2418 1677 2478 scriba
1688 2436 1740 2495 pa-

384 2507 612 2587 oomparatioue
633 2508 724 2566 etiam
749 2503 821 2564 alibi
837 2503 993 2584 Scriptura
1046 2523 1112 2563 rum
1135 2511 1248 2564 attento
1271 2505 1380 2564 mutari
1403 2505 1434 2564 in
1456 2494 1527 2579 καὶ,
1550 2502 1603 2565 vel
1624 2511 1738 2563 eontra,

371 2614 393 2653 u·
415 2592 456 2653 ad
473 2590 700 2673 significandum
723 2588 842 2651 facilem
865 2610 900 2649 ac
917 2588 992 2649 eale·
1047 2589 1126 2650 Nam
1142 2599 1225 2651 certe
1240 2589 1444 2668 Hieronymus
1466 2592 1541 2671 legit
1559 2590 1616 2651 hoo
1639 2597 1738 2670 poste-

378 2679 514 2758 alieujus
536 2681 580 2739 rei
600 2678 753 2738 interitum
768 2697 788 2737 a
802 2695 893 2737 causa
908 2695 991 2756 prae
1046 2679 1125 2736 riore
1140 2677 1235 2737 modo.
1258 2677 1309 2738 Sic
1323 2679 1401 2739 enim
1424 2680 1532 2738 recitat
1547 2677 1626 2738 huno
1640 2677 1739 2739 loeum

371 2777 436 2841 nts;
456 2775 491 2825 ut
507 2768 536 2827 in
551 2764 679 2826 Psalmis
696 2763 867 2842 aliquoties.
1047 2766 1078 2825 in
1093 2765 1308 2825 commentario
1324 2764 1389 2825 Jer.
1407 2765 1472 2825 65.:
1503 2767 1608 2827 Nouos
1633 2772 1739 2827 cutem

371 2855 438 2914 itur
448 2853 603 2914 elemento
614 2858 702 2911 aestu
713 2850 799 2911 illius
811 2852 991 2927 liquescent,
1045 2852 1145 2911 coelos
1165 2859 1195 2911 et
1216 2868 1334 2913 novum
1356 2858 1475 2913 umam
1500 2851 1684 2926 uidebimus,
1709 2857 1739 2910 et

371 2950 427 3013 eet,
451 2941 496 2999 ita
518 2939 620 3000 subito
643 2938 926 3010 transmutabuntur,
948 2939 992 2997 uti
1045 2941 1319 3015 repromissionem
1342 2943 1415 3013 ejus.
1446 2940 1509 3002 Ubi
1530 2948 1560 3000 et
1582 2939 1740 3017 subjungit

394 3047 469 3087 cera
490 3026 528 3087 ab
552 3028 621 3105 igne
646 3022 810 3104 liquefacta
833 3025 934 3084 statim
956 3043 993 3083 ac
1045 3046 1098 3104 pro
1111 3027 1338 3086 commentario:
1355 3028 1428 3087 Non
1440 3027 1532 3099 dicit,
1549 3026 1740 3087 nliuscoelor

371 3134 386 3174 e
410 3115 442 3173 in
466 3112 631 3193 quemlibet
651 3111 775 3191 figuram
791 3111 991 3171 transmutari.
1045 3120 1073 3171 et
1088 3114 1187 3172 ulium
1203 3120 1322 3173 terrum
1346 3111 1530 3188 videbimur,
1554 3114 1608 3174 sed
1624 3121 1741 3174 veteres

371 3200 430 3261 ude
453 3220 514 3260 non
528 3199 578 3260 bie
592 3198 774 3278 significatur
794 3198 945 3258 coelorum
962 3204 993 3257 ot
1043 3202 1079 3260 in
1095 3199 1206 3260 melius
1220 3206 1437 3260 commutatos.

371 3295 513 3348 ¹eutorum
535 3286 659 3346 mumtio
675 3284 837 3345 secundum
854 3284 990 3344 substan·
1086 3285 1185 3365 Igitur
1210 3304 1310 3347 novos
1330 3286 1500 3366 intelligere
1523 3284 1667 3346 debemus
1690 3305 1736 3347 re·

371 3372 449 3446 ,sed
465 3371 630 3433 secundum
647 3368 826 3451 qualitatem
842 3370 991 3450 quomodo
1044 3381 1190 3452 purgatos
1206 3392 1242 3432 ao
1257 3381 1426 3446 renovatos,
1441 3380 1471 3434 et
1483 3372 1652 3433 melioribus
1665 3391 1738 3451 qua·

371 3479 382 3520 s
403 3461 533 3520 mutatio
556 3459 589 3518 tit
610 3456 773 3519 secundum
798 3456 933 3537 figuram,
959 3456 992 3517 li·
1044 3459 1178 3518 litatibus
1202 3459 1341 3531 affectos,
1368 3466 1539 3520 remanente
1562 3458 1738 3519 subeuntia

371 3548 481 3621 ionem,
497 3544 662 3606 mollitiem.
683 3542 774 3604 Unde
784 3544 990 3623 Hieronymus
1045 3546 1115 3624 Quo
1141 3564 1230 3605 sensu
1259 3553 1287 3604 et
1310 3545 1385 3606 illud
1408 3544 1631 3625 accipiendum,
1658 3543 1738 3625 quod

371 3632 399 3694 lo
414 3631 520 3694 mundi
534 3632 660 3693 uansitu
673 3631 808 3711 loquens,
823 3630 991 3711 superdea.
1044 3633 1067 3693 J
1070 3651 1183 3691 <sennes
1202 3635 1297 3712 Apoo.
1320 3637 1369 3693 21.
1396 3642 1465 3712 post
1487 3633 1539 3692 illa
1560 3632 1668 3692 verba:
1695 3633 1739 3693 Et

388 3722 516 3796 tipum
534 3720 701 3796 praeterit,
725 3736 793 3779 non
807 3718 990 3778 substantio.
1047 3720 1112 3779 uidi
1135 3721 1251 3779 coelum
1272 3738 1391 3780 nouum
1415 3726 1443 3779 et
1466 3726 1585 3779 terrum
1604 3737 1734 3794 nouum,

371 3826 404 3869 na
418 3806 548 3885 intelligi
569 3825 630 3865 non
645 3805 788 3874 sidereos,
810 3804 863 3863 sed
878 3811 990 3877 aereos,
1044 3805 1179 3883 subjicit:
1195 3807 1339 3866 Primum
1355 3808 1438 3866 enim
1452 3808 1571 3867 eoelum
1587 3814 1616 3866 et
1630 3808 1739 3881 primu

371 3901 442 3956 ante
456 3893 532 3954 satis
547 3890 727 3952 dictumest.
750 3891 990 3952 Elementorum
1044 3899 1131 3951 terra
1146 3892 1233 3951 obiit.
1255 3892 1330 3952 Nam
1354 3893 1464 3953 obiisse
1486 3892 1567 3964 dicit,
1592 3901 1738 3972 quantum

379 3981 504 4042 nomine
519 3986 628 4039 terram
645 3984 674 4036 et
688 3997 800 4057 aquom
815 3976 895 4037 solas
912 3997 990 4036 oom-
1044 3978 1082 4037 ad
1107 3976 1216 4038 faeiem
1238 3986 1268 4038 et
1290 3979 1454 4058 qualitates
1477 3981 1606 4058 priores,
1633 3978 1738 4039 eodem

371 4066 450 4141 andi,
472 4084 522 4126 res
544 4065 612 4145 ipsa
635 4062 740 4140 docet,
764 4069 834 4123 adse
851 4062 991 4124 videlicet
1043 4066 1180 4124 nimirum
1197 4084 1294 4135 sensu,
1311 4085 1372 4144 quo
1389 4065 1581 4143 praedixerat
1596 4068 1662 4145 ipae
1674 4065 1738 4126 Do·

371 4175 429 4216 sae
440 4153 566 4214 sennim
583 4151 743 4212 nominato.
1045 4154 1141 4212 minus
1153 4151 1258 4210 Matth.
1272 4153 1336 4211 24.:
1354 4152 1480 4214 Ocelum
1495 4160 1524 4214 et
1535 4160 1621 4213 terro
1630 4159 1737 4214 trone-

371 4239 508 4302 srtieula:
528 4256 708 4315 perquem,
733 4234 862 4296 Graece:
886 4225 989 4316 δι’ἢν,
1044 4239 1142 4298 ibunt.
1180 4238 1250 4298 Jam
1277 4258 1332 4298 nee
1355 4239 1446 4298 aliter
1469 4240 1614 4299 hocloco
1637 4242 1738 4301 coelur

371 4329 468 4390 rinon
477 4324 625 4407 potestad
635 4325 809 4384 Dominum
819 4323 869 4384 vel
878 4324 990 4396 Deum,
1043 4326 1154 4404 accipit
1170 4324 1288 4396 Petrus,
1316 4345 1406 4405 quam
1430 4327 1461 4386 iu
1476 4325 1736 4406 praecedentibus.

371 4422 483 4494 gnante
498 4430 624 4492 genere;
639 4408 693 4472 sed
707 4408 863 4471 referenda
879 4418 926 4469 est
940 4410 989 4470 vel
1044 4411 1232 4490 Quamquam
1246 4432 1305 4472 non
1317 4431 1471 4490 negamus,
1487 4413 1554 4492 ejus
1570 4411 1737 4473 doctrinam

371 4503 443 4576 iem,
459 4498 513 4561 vol
524 4496 564 4560 ad
578 4498 764 4572 adventum,
782 4496 862 4576 quod
877 4505 988 4557 utrum·
1043 4497 1154 4559 habero
1177 4499 1332 4558 veritatem
1355 4501 1445 4559 etiam
1470 4499 1508 4559 de
1527 4497 1619 4560 coelis
1634 4519 1736 4579 super

371 4586 496 4650 draucis
510 4593 558 4649 ast
571 4584 712 4646 foeminei
726 4586 853 4664 generis.
879 4584 989 4663 Aptius
1043 4583 1281 4659 elementaribus,
1306 4586 1336 4645 in
1360 4586 1470 4663 quibus
1495 4585 1588 4647 infixa
1607 4595 1678 4646 sunt
1692 4586 1736 4645 lu-

371 4672 447 4736 nad
469 4673 663 4747 adventum,
688 4677 722 4730 ut
737 4689 842 4730 sensus
857 4671 905 4745 sit,
927 4671 988 4731 vir·
1042 4673 1124 4732 mina
1139 4669 1302 4748 eoelestia3
1322 4692 1381 4732 non
1397 4671 1477 4751 quod
1493 4675 1563 4752 igne
1578 4672 1736 4752 purganda

371 4760 522 4822 adventus
545 4758 606 4822 diei
621 4757 744 4818 Domini
766 4756 896 4817 futuram
921 4777 987 4817 ease
1043 4760 1102 4818 sint
1117 4757 1169 4817 illa
1184 4779 1315 4839 corpora,
1332 4777 1411 4837 quae
1423 4762 1602 4840 purgatione
1617 4779 1677 4819 non
1693 4761 1736 4819 in·

371 4845 487 4909 uillam
502 4847 608 4907 mundi
621 4845 822 4917 mutationem,
840 4843 987 4922 quomodo
1042 4843 1163 4924 digent3
1186 4844 1239 4905 sed
1263 4848 1403 4924 quoniam
1420 4854 1449 4906 et
1465 4847 1531 4925 ipsa
1554 4854 1734 4906 transmuta-

371 4943 405 4996 ta
419 4934 500 5016 ignis
510 4931 623 4994 admoti
638 4950 709 4993 cers
721 4928 871 5009 liquescit.
896 4929 988 5010 Quod
1042 4932 1151 4991 tionem
1168 4933 1200 4992 in
1214 4931 1319 4992 melius
1334 4933 1497 5011 reeipient;
1520 4941 1555 4993 ut
1577 4932 1630 4991 fiat
1653 4932 1735 5004 illud,

371 5020 552 5103 respirari
568 5020 692 5082 dieitur:
715 5035 736 5077 u
748 5018 835 5095 socie
850 5020 942 5094 ipnie,
966 5036 987 5077 a
1042 5016 1124 5098 quod
1150 5017 1254 5080 scribit
1274 5017 1396 5080 Jeeaias
1418 5039 1483 5100 cap.
1499 5022 1550 5080 30.
1581 5020 1655 5080 Erit
1677 5021 1735 5080 lux
