4442 5825
427 584 501 655 200
930 579 1211 634 comminuere
1230 580 1295 634 car.
1314 582 1354 637 nr.

422 756 473 837 jue
495 754 651 836 Epistulae
675 753 853 818 dictasunt.
882 755 966 817 Idem
987 758 1121 834 futuro·
1173 759 1249 820 Ideo
1261 759 1417 820 muudum
1427 752 1707 835 iuyrcdicusdioit:
1722 756 1868 819 Heatium

425 862 499 905 rum
515 844 670 907 bonorum
682 845 833 923 pontifex
847 843 963 917 dicitur,
980 846 1053 925 quia
1067 864 1121 922 per
1176 854 1204 907 et
1231 847 1421 907 oblationem
1448 847 1599 924 autaut&
1622 864 1738 922 corpus
1764 853 1869 905 eutem

425 930 618 992 ministerium
647 931 694 991 sui
723 931 885 994 sacerdotii
913 931 1001 992 nobis
1030 934 1118 992 inter·
1173 936 1291 1010 aptasti
1302 936 1387 994 mibi.
1411 932 1864 995 Conveniuutetiambulcsen·

426 1036 528 1095 masor
553 1028 599 1079 est
622 1026 651 1078 et
673 1017 736 1079 dux
758 1018 798 1078 ud
823 1019 903 1079 bona
926 1018 1068 1079 coelestia
1090 1026 1122 1078 et
1173 1023 1228 1095 sui,
1244 1041 1322 1102 quae
1337 1031 1516 1101 sequuntur.

426 1113 556 1180 aeterua,
572 1124 650 1187 quae
664 1106 694 1166 in
706 1105 807 1166 futuro
822 1106 946 1167 saeculo
963 1113 1119 1187 exspecta·
1217 1109 1281 1168 Per
1303 1110 1443 1184 emptius
1465 1116 1494 1169 et
1516 1108 1691 1186 perfectius
1717 1105 1870 1166 tuber-ae·

425 1210 500 1254 mus.
523 1193 612 1254 Unde
628 1200 659 1253 et
673 1191 737 1254 Jee.
754 1197 782 1255 9.
804 1201 900 1270 pater
921 1196 1028 1273 futuri
1050 1211 1121 1254 auc·
1174 1196 1289 1256 cuium.
1313 1196 1461 1270 Ampliat
1468 1240 1478 1270 ,
1503 1194 1618 1256 Graece
1642 1197 1758 1268 trojae.
1782 1192 1871 1274 Quod

425 1280 490 1341 euti
505 1289 639 1341 vocatur.
663 1279 808 1358 Quamvis
823 1283 904 1341 enirn
919 1279 1055 1340 Ecclesia
1066 1299 1122 1359 per
1173 1289 1272 1342 umen
1295 1290 1394 1342 utrum
1409 1281 1447 1342 ad
1464 1284 1663 1361 quantitatem
1686 1280 1871 1345 extensionis

332 1442 334 1447 Ι
425 1365 576 1428 Christum
607 1368 756 1427 interdum
785 1377 868 1448 petat
897 1385 915 1426 a
945 1368 1012 1428 Deo
1042 1368 1121 1426 bona
1175 1370 1334 1448 pertineat,
1357 1387 1396 1428 en
1412 1370 1451 1428 ed
1475 1368 1630 1446 dignitatis
1649 1366 1870 1439 excellentiam,

425 1454 571 1534 quaedam
594 1454 777 1534 temporalia,
799 1475 860 1516 non
882 1456 943 1515 alia
959 1464 1059 1515 tamen
1076 1455 1120 1513 in-
1174 1453 1285 1535 pendet
1299 1474 1337 1517 ex
1359 1455 1457 1534 ipsius
1479 1454 1666 1516 tabernaculi
1691 1456 1869 1536 interpreta-

425 1542 560 1602 tentione
582 1544 660 1622 petit
681 1549 732 1601 aut
754 1540 886 1620 petenda
908 1543 1002 1613 norit,
1030 1559 1121 1622 quem
1173 1543 1268 1614 tione,
1293 1542 1330 1603 de
1352 1562 1412 1622 que
1433 1562 1503 1604 mox
1525 1560 1659 1623 agemus.
1693 1542 1753 1602 Est
1774 1550 1872 1601 autem

424 1635 459 1688 ut
473 1628 656 1690 adminiculo
678 1628 765 1688 nobis
780 1630 842 1690 sint
856 1626 895 1688 ad
914 1629 994 1689 bona
1008 1626 1119 1688 lutura.
1174 1631 1356 1710 comparatio
1378 1630 1499 1710 mystici
1520 1629 1707 1691 tabernaculi
1731 1647 1801 1689 cum
1821 1626 1870 1687 illo

423 1715 518 1777 Velut
532 1735 598 1776 oum
622 1717 700 1795 petit
722 1734 828 1796 pacem
854 1707 1046 1798 reipublicae,
1068 1734 1119 1794 pa·
1174 1725 1276 1777 vetere
1292 1725 1385 1796 atque
1399 1716 1560 1778 umbratili.

423 1821 492 1863 uem
515 1802 737 1883 quotidianum,
764 1804 954 1864 sanctitatem
981 1801 1120 1882 corporis,
1217 1806 1290 1864 Non
1306 1805 1542 1882 munufactum,
1566 1803 1601 1862 id
1615 1810 1670 1877 cat,
1693 1821 1763 1864 noa
1777 1803 1870 1876 liujus

423 1888 560 1970 pluviam
575 1900 782 1969 opportunam,
805 1889 1013 1951 salubritatem
1034 1890 1120 1960 aeris,
1173 1893 1350 1951 creationis.
1382 1890 1501 1950 Dicitur
1521 1891 1579 1951 boe
1601 1908 1727 1970 quoque
1750 1889 1790 1950 ad
1814 1886 1868 1948 dif-

313 2025 315 2035 ,
423 1975 537 2037 fructus
553 1985 657 2050 terrae,
673 1985 704 2035 et
717 1975 748 2036 id
763 1996 858 2056 genus
874 1979 945 2038 alia.
967 1978 1013 2038 Ae
1026 1973 1119 2036 multo
1174 1975 1329 2038 forentium
1351 1979 1464 2039 veteris
1483 1977 1686 2050 tabernaculi,
1710 1973 1796 2058 quod
1819 1975 1868 2035 bo·

423 2066 546 2146 propius
572 2062 610 2124 ad
637 2062 721 2124 illum
747 2063 834 2125 finem
861 2066 1000 2146 respicit,
1026 2081 1119 2147 quem
1172 2066 1284 2125 minum
1306 2064 1442 2126 manibus
1457 2077 1487 2125 et
1501 2075 1566 2125 arte
1579 2063 1760 2126 fabricatum
1775 2062 1869 2123 fuisse

424 2155 502 2232 petit
521 2153 664 2232 gratiam,
690 2160 879 2231 peecatorum
905 2153 1119 2222 remissionem,
1173 2151 1327 2232 Scriptura
1338 2162 1491 2225 memorat,
1508 2150 1650 2232 quodque
1666 2149 1797 2232 proinde
1807 2157 1870 2210 erat

422 2238 522 2300 bonae
548 2241 629 2301 ritae
658 2241 926 2319 perseverantiam,
959 2235 1119 2319 Evangelii
1172 2237 1275 2314 butus,
1293 2237 1386 2299 idest
1400 2246 1543 2311 terrenae,
1559 2241 1740 2313 creationia,
1757 2235 1869 2299 Graece

422 2329 679 2408 propagationem,
695 2335 726 2384 et
740 2324 787 2386 bis
802 2328 928 2404 similia;
951 2328 1025 2387 baec
1041 2327 1119 2386 enim
1172 2322 1317 2401 κτίσεως,
1331 2325 1391 2386 boo
1406 2335 1460 2401 est,
1474 2327 1702 2405 fabricationis
1716 2333 1773 2387 aut
1786 2332 1869 2387 atru-

422 2434 478 2496 per
492 2432 526 2474 se
541 2413 652 2475 ducunt
667 2412 706 2473 ad
721 2412 800 2474 bona
822 2413 930 2490 turma,
954 2423 986 2475 ut
1001 2414 1057 2476 sub
1073 2414 1119 2473 eie
1173 2420 1291 2489 cturec,
1308 2421 1341 2472 ut
1355 2413 1409 2472 alii
1426 2421 1552 2473 vertunt.
1575 2413 1642 2473 Non
1659 2416 1702 2474 ita
1716 2414 1868 2473 tuberna-

424 2503 515 2562 etiam
531 2500 745 2582 comprehendi
759 2503 883 2581 possint
1172 2503 1278 2562 culum
1293 2500 1376 2574 illud,
1393 2500 1473 2580 quod
1489 2502 1538 2561 bie
1553 2501 1749 2580 significatur.
1778 2498 1869 2580 Quod

465 2587 548 2649 Hinc
566 2607 684 2649 rursum
707 2591 889 2650 econtrario
913 2588 1003 2660 disce,
1023 2590 1119 2667 ponti-
1173 2598 1270 2649 auum
1296 2587 1370 2649 illud
1396 2589 1452 2661 sit,
1481 2589 1655 2669 priusquam
1684 2602 1869 2668 exponamus

423 2675 508 2737 fleam
534 2677 644 2738 veteris
670 2677 843 2737 testamenti
867 2696 929 2737 nen
952 2674 1119 2735 futurorum
1173 2672 1284 2756 (neque
1307 2678 1385 2736 enim
1407 2673 1569 2755 Apostolus
1590 2671 1743 2757 exponit),
1767 2674 1868 2735 viden·

424 2763 575 2837 bonorum,
602 2761 657 2824 aed
672 2769 788 2823 uotum
804 2765 1006 2844 praesentium
1021 2762 1119 2840 ponti·
1173 2762 1252 2834 dum,
1269 2782 1328 2843 quo
1344 2780 1412 2842 pare
1427 2763 1501 2823 ista:
1522 2779 1583 2839 per
1597 2763 1738 2839 emplius
1752 2768 1784 2823 et
1794 2779 1869 2841 pet·-

424 2849 510 2910 ficem
533 2848 644 2926 fuisseq
666 2847 798 2929 ideoque
820 2869 875 2911 nec
897 2851 1040 2933 gratiam,
1063 2868 1120 2909 nec
1171 2852 1285 2930 sectius
1300 2849 1542 2911 tubernaculum
1560 2858 1626 2923 ete,
1647 2846 1810 2910 referende
1823 2848 1868 2907 ait

422 2938 627 2998 remissionem
648 2944 849 3017 peccatorum,
873 2958 928 2998 nec
954 2935 1120 3017 quidquem
1172 2939 1251 2998 Nam
1267 2937 1397 2998 dubitari
1419 2945 1526 3016 potest,
1548 2945 1647 2996 utrum
1663 2933 1867 3016 praecedenti·

424 3023 570 3104 eJusmodi
593 3044 647 3103 per
668 3025 734 3102 ejus
757 3026 958 3086 ministerium
973 3024 1119 3104 praestari
1173 3024 1228 3085 bus
1245 3025 1364 3084 annecti
1384 3022 1501 3097 debeat,
1525 3023 1583 3083 boo
1596 3022 1703 3084 modo:
1729 3023 1870 3086 Otreres

423 3113 565 3193 potuisse.
589 3110 748 3190 Quaeres
771 3114 944 3193 expressius
967 3110 1118 3190 signitica-
1173 3112 1322 3171 accedam
1334 3112 1486 3189 pontifex
1498 3113 1687 3189 futurorum
1700 3111 1868 3183 bonerum,

423 3205 473 3258 tur
499 3198 577 3259 iufra
599 3218 664 3277 cap.
688 3203 842 3279 aequanti,
867 3198 918 3259 ubi
939 3199 990 3259 lex
1012 3197 1121 3258 dicitur
1173 3200 1332 3273 accedent,
1354 3199 1485 3276 inquam,
1506 3198 1727 3275 peremptura
1749 3204 1780 3257 ct
1794 3214 1869 3273 pcr-

423 3283 572 3347 umdram
586 3286 730 3347 babuisse
743 3288 931 3364 futurorum
949 3285 1117 3359 bonerum,
1171 3286 1285 3363 fcetius
1307 3284 1551 3346 tubernaculum
1574 3293 1647 3360 eto.;
1671 3304 1711 3344 an
1733 3302 1809 3344 vero
1824 3302 1867 3343 se·

423 3390 491 3435 nen
513 3377 616 3450 ipsum
639 3376 810 3449 imupincm
826 3392 944 3434 rerum.
967 3371 1004 3432 id
1021 3374 1119 3451 ipsum
1174 3373 1335 3452 quentibus
1349 3370 1483 3451 adjungi,
1507 3381 1541 3430 ut
1555 3372 1706 3432 sententia
1721 3369 1868 3450 complea-

423 3458 588 3522 eeteudunt
616 3462 761 3539 promissa
791 3463 901 3521 veteris
939 3461 1119 3532 testamenti,
1173 3461 1262 3520 turin
1275 3459 1383 3520 verbo:
1396 3462 1553 3533 introivit,
1568 3457 1765 3537 intraposito.
1783 3456 1869 3538 Quae

424 3566 504 3627 quae
526 3556 595 3607 sunt
617 3548 648 3607 in
672 3546 809 3607 Levitico
832 3556 862 3606 et
876 3547 1119 3618 Deuteronomio,
1174 3547 1322 3626 posterior
1347 3548 1528 3606 constructio
1550 3547 1647 3625 magis
1670 3553 1795 3625 recepta
1819 3552 1869 3616 est,

423 3634 454 3694 in
480 3633 588 3713 quibus
613 3631 698 3693 nulla
722 3635 833 3693 mentio
860 3634 1006 3694 bonorum
1028 3632 1120 3692 futuri
1174 3632 1338 3712 eademque
1366 3634 1466 3693 textui
1503 3634 1712 3710 congruentior
1747 3639 1870 3712 propter

425 3718 549 3778 saeculi.
1173 3727 1347 3799 sequentem
1371 3719 1564 3799 particulam:
1587 3737 1689 3796 neque
1708 3736 1771 3794 per
1794 3736 1868 3779 auu·

468 3803 559 3884 Quod
582 3803 620 3864 ad
644 3812 761 3864 textum
784 3805 907 3878 attinet,
933 3825 987 3885 pro
1011 3805 1119 3865 verbo:
1173 3809 1302 3882 puiucm
1319 3813 1383 3878 etc,
1407 3824 1487 3886 quae
1509 3807 1667 3884 sequentia
1689 3804 1868 3885 praeceden·

424 3895 581 3965 orestem,
598 3889 715 3953 Graece
730 3899 790 3951 cet:
814 3883 1071 3969 παραγενόμενος,
1088 3890 1120 3951 id
1175 3892 1255 3953 tibus
1282 3891 1418 3971 copulat;
1442 3912 1508 3952 oum
1533 3891 1649 3971 alioqui
1672 3892 1758 3973 prior
1781 3892 1870 3952 etiam

424 3988 472 4041 est
483 3979 643 4053 accedeus,
656 3979 841 4053 advertitur,
853 3980 904 4039 vel
915 3981 1033 4059 potius:
1049 3998 1119 4041 uam
1174 3982 1354 4040 constructio
1380 3979 1592 4059 probabilitate
1617 3999 1676 4040 non
1700 3985 1820 4052 emeat,
1847 3977 1872 4038 ai

423 4061 606 4139 uecasisaet,
618 4074 652 4125 ut
662 4067 754 4125 vertit
764 4065 952 4143 Hentenius3
965 4073 1032 4126 aut:
1049 4084 1120 4127 cum
1175 4065 1337 4145 diligenter
1357 4065 1556 4138 attendemus,
1580 4064 1653 4145 quid
1671 4064 1730 4125 boe
1745 4063 1815 4126 loco
1829 4071 1871 4124 ta·

424 4152 621 4228 advenirect,
648 4160 683 4210 ut
709 4151 937 4232 'I'beopbylacti
963 4155 1120 4234 interpres.
1174 4151 1329 4213 bernaeuli
1344 4156 1464 4214 nomine
1483 4153 1684 4232 significatum
1700 4151 1777 4214 velit
1791 4151 1871 4232 Apo·

422 4239 478 4301 lter
492 4241 571 4299 euim
587 4239 716 4299 aorietua
731 4237 847 4300 babens
870 4241 1121 4320 significationem
1175 4238 1277 4300 stolae.
1302 4238 1371 4318 Qua
1386 4239 1425 4299 de
1440 4259 1473 4300 re
1489 4259 1548 4300 non
1568 4258 1665 4319 parva
1687 4249 1734 4299 est
1748 4240 1871 4319 opimam

423 4328 594 4408 praeteriti,
622 4333 657 4384 ut
678 4344 784 4385 sensus
810 4328 866 4387 sit:
894 4326 1035 4389 ctera·
1059 4327 1121 4386 ed·
1174 4327 1246 4387 tium
1265 4329 1404 4387 varietas.

422 4421 521 4475 uentu
537 4420 566 4474 ct
581 4415 806 4473 incarnatione
828 4432 887 4474 sue
908 4414 1014 4491 factm
1033 4432 1121 4490 peu·
1218 4410 1335 4487 Glosaa,
1351 4421 1412 4472 tam
1424 4413 1584 4485 ordinaria,
1600 4411 1872 4492 quaminterliuaa·

422 4503 510 4580 tifex.
534 4501 602 4561 Non
619 4501 707 4571 enim,
724 4498 848 4560 aliorum
859 4519 951 4572 mere,
968 4502 1052 4579 prius
1067 4520 1119 4562 na·
1174 4498 1222 4572 lis,
1245 4519 1300 4560 nee
1323 4520 1384 4560 non
1406 4507 1653 4560 commentatores
1674 4498 1829 4560 Ambrosii
1843 4504 1872 4560 et

422 4595 473 4650 tus
495 4596 527 4649 et
548 4586 683 4658 adultus,
711 4593 742 4645 et
764 4585 932 4668 disciplinis
955 4588 1120 4647 instructus
1174 4585 1310 4646 Anselmi
1326 4584 1447 4646 titulum
1463 4594 1610 4664 gerentes,
1627 4585 1872 4648 tabernaculum

422 4674 560 4756 pontifex
575 4671 672 4735 faetus
692 4680 754 4748 est3
778 4671 832 4734 sed
848 4675 1011 4750 advenire,
1027 4672 1057 4735 id
1075 4683 1122 4734 est
1173 4672 1232 4733 lroc
1246 4674 1481 4754 interpretantur
1504 4672 1630 4735 eoelum.
1653 4672 1794 4735 Eandem
1809 4672 1872 4752 opi·

422 4762 579 4836 incarnari,
594 4760 655 4820 tuit
669 4760 698 4819 ei
714 4760 885 4840 pontificem
899 4761 972 4824 fleri.
994 4762 1042 4821 Ita
1058 4761 1121 4821 fore
1174 4762 1293 4819 nionem
1320 4759 1354 4818 B.
1381 4758 1514 4820 Thomas
1541 4758 1642 4820 adfert
1667 4762 1770 4841 priore
1796 4759 1872 4831 loeo,

423 4846 534 4911 Graeci
560 4855 815 4909 commentatores.
839 4847 975 4911 Graecae
997 4848 1121 4910 lectioni
1174 4867 1230 4906 nee
1246 4846 1401 4927 improbat.
1427 4848 1556 4907 Liranus
1571 4854 1673 4907 autem
1689 4849 1810 4910 omniuo
1824 4865 1871 4907 cc

423 4935 551 5017 Syriaca
566 4943 719 4995 consonat
741 4934 840 5014 Igitur
853 4936 911 4996 boe
927 4936 1120 5017 significatur,
1176 4935 1292 5012 quitur,
1319 4932 1449 4993 adducto
1474 4934 1646 4996 testimonio
1668 4932 1810 5008 debuine,
1835 4931 1872 4993 de

422 5021 505 5105 quod
522 5024 661 5103 sequenti
684 5022 781 5103 capite
796 5020 907 5085 dieitur
921 5022 990 5085 aliis
1006 5022 1121 5085 verbis:
1176 5020 1301 5081 coelesti
1329 5020 1500 5083 Jerusalem
1536 5020 1684 5103 loquentia
1709 5040 1777 5104 cap.
1803 5021 1872 5083 Str
