4442 5825
406 592 480 660 560
675 622 677 627 .
919 583 1152 639 conterrentes
1170 585 1201 640 ω
1219 586 1285 641 cer.
1303 588 1341 642 ιν.

403 770 556 842 tenpore,
585 779 646 842 quo
671 759 703 820 id
729 762 864 842 scripsit,
895 782 991 842 usqne
1021 782 1101 823 nunc
1153 784 1212 823 non
1229 764 1304 836 sint,
1327 765 1384 825 nisi
1404 765 1504 826 sobrii.
1544 765 1649 846 Quem
1672 768 1715 829 ob
1737 787 1843 830 mern

405 847 571 908 effluxerint
585 849 656 908 enni
671 848 739 929 pius
753 849 836 910 mille
852 850 1024 929 quingenti,
1044 869 1100 909 nec
1152 850 1267 909 Paulus
1291 851 1450 930 conjunxit
1471 861 1636 936 utrumque
1653 859 1670 914 1
1686 853 1796 916 Tbese
1809 856 1844 916 b:

404 933 502 996 edbuc
520 934 611 994 tinem
636 935 878 1014 conspiciemus?
908 936 1099 1016 Respondeo‚
1153 939 1349 1015 γρηγορῶμεν
1372 929 1424 996 καὶ
1447 932 1609 1019 νήφωμεν,
1638 943 1845 1019 mma

403 1030 483 1083 recte
518 1019 549 1080 id
585 1020 699 1082 dictum
732 1041 751 1081 e
787 1023 892 1095 Petro,
934 1025 1006 1103 quie
1034 1024 1099 1103 jem
1151 1023 1248 1084 sobrii
1263 1027 1369 1085 timue.

402 1119 465 1169 tum
491 1109 655 1187 incipiebat
680 1108 783 1169 mundi
809 1117 961 1183 senectus,
993 1109 1025 1169 id
1052 1118 1100 1169 est
1195 1107 1345 1170 Convenit
1374 1119 1474 1172 temen
1500 1112 1571 1174 huic
1599 1113 1669 1176 ioco
1699 1116 1845 1191 vioiiuedi

403 1205 487 1258 setes
502 1198 569 1274 ejus
585 1195 697 1266 ultime,
713 1216 801 1275 quem
815 1195 951 1257 doennes
970 1200 984 1255 l
1000 1196 1095 1276 Epist.
1151 1197 1363 1276 significatum,
1389 1199 1462 1278 quie
1483 1201 1650 1278 praecessit
1678 1200 1721 1262 de
1746 1203 1845 1265 sobrie

404 1286 432 1345 2.
447 1285 652 1343 novissimum
667 1283 780 1343 bosom
795 1291 899 1354 vocet,
925 1294 994 1362 post
1009 1303 1098 1362 quem
1152 1291 1212 1342 tete
1224 1293 1436 1364 praeceptum
1449 1284 1710 1365 quemedmodum
1719 1291 1845 1371 sequuti

401 1389 462 1431 non
491 1368 590 1443 eliud,
628 1388 718 1449 quem
749 1371 982 1444 consummatio,
1017 1370 1100 1429 veiut
1151 1371 1251 1450 cupite
1280 1373 1422 1432 convenit
1454 1372 1634 1434 sobrietatis
1664 1375 1844 1455 significabo,

401 1476 482 1517 mors
503 1454 653 1536 quaedem
675 1455 794 1530 mnndi,
821 1459 861 1516 sit
887 1455 1098 1536 exspectanda,
1151 1455 1275 1537 quiade
1290 1457 1443 1536 vigilando
1459 1469 1658 1540 praeceptum
1674 1461 1843 1544 iiiicsequi

403 1545 452 1604 cui
467 1544 582 1603 coelum
605 1561 717 1602 norum
740 1552 771 1602 et
792 1554 871 1604 terre
892 1564 973 1605 nove
994 1563 1096 1603 succe·
1151 1551 1206 1604 tur.
1244 1542 1358 1605 Sensus
1381 1553 1442 1617 est,
1471 1546 1667 1609 sobrietatem
1696 1547 1843 1611 colende!

402 1629 492 1703 dent,
507 1631 603 1709 Apoc.
620 1632 669 1692 21.
694 1629 885 1711 Quamquam
901 1639 932 1691 ot
947 1628 1096 1710 generalis
1150 1650 1230 1703 esse,
1247 1640 1281 1689 ut
1294 1632 1403 1710 vigiles
1418 1640 1448 1693 et
1463 1634 1527 1712 epti
1546 1635 1643 1694 simus
1660 1634 1704 1696 ed
1718 1635 1841 1719 irequ-

400 1718 556 1799 responeio
580 1725 627 1776 est
649 1736 686 1776 er
711 1719 777 1795 ipso
793 1717 884 1777 Petro
902 1716 1047 1797 Apostoio
1067 1719 1097 1776 in
1149 1726 1195 1777 ter
1210 1716 1371 1791 erendum,
1399 1720 1488 1780 etiem
1504 1718 1586 1781 boris
1602 1725 1769 1785 nocturnis.
1796 1725 1842 1786 rat

402 1804 532 1886 sepire
548 1822 615 1882 cup.
631 1806 674 1865 3.:
692 1806 869 1883 Quoniam,
887 1805 997 1885 inquit,
1012 1822 1097 1864 tenue
1150 1806 1230 1864 enim
1246 1806 1342 1864 cretio
1358 1808 1536 1867 exercitium
1552 1807 1668 1869 bomini
1682 1807 1842 1872 Obristieno

401 1891 467 1953 dice
481 1890 570 1968 opud
584 1891 780 1967 Dominum,
807 1895 887 1953 sieut
902 1892 988 1951 mitis
1003 1893 1095 1964 unni,
1149 1892 1279 1950 maxime
1304 1895 1521 1969 neceesarium,
1547 1892 1684 1974 ideoque
1710 1895 1837 1979 ireque:-

401 1986 432 2039 et
456 1978 542 2038 mitis
565 1980 664 2052 nuni,
690 1979 770 2038 sicto
792 1979 858 2039 dics
879 1997 982 2055 unue3
1010 1979 1096 2057 quusi
1149 1979 1279 2038 tondum.
1302 1978 1396 2038 Porro
1412 1980 1561 2059 significet
1577 1983 1759 2062 Apostolus,
1780 2004 1838 2046 eoc-

400 2065 498 2141 dicet,
524 2085 584 2125 non
607 2062 718 2124 debere
743 2064 862 2143 longum
885 2065 979 2126 videri
1002 2084 1095 2145 quen·
1149 2063 1361 2126 siderationem
1375 2067 1443 2127 finis
1458 2066 1561 2128 mundi
1576 2072 1840 2151 appropinquetis

400 2160 729 2232 tumonmquetempus‚
742 2151 1094 2232 quofinismundidiffer-
1148 2171 1208 2212 non
1231 2151 1326 2211 solum
1350 2151 1453 2213 velere
1476 2154 1516 2215 ed
1539 2156 1734 2218 retinendum
1754 2156 1838 2219 ined-

398 2249 456 2314 tur,
467 2258 557 2320 quum
570 2241 755 2299 aeternitatis
770 2241 993 2319 comparatione
1004 2238 1096 2298 breve
1149 2240 1245 2299 versis
1259 2240 1451 2318 petientiem3
1477 2240 1533 2301 sed
1555 2242 1650 2302 etiem
1674 2245 1839 2305 excitemie

399 2329 442 2388 sit
456 2345 543 2389 omne
558 2335 693 2406 tompus,
709 2327 789 2406 quod
805 2325 969 2405 aliquando
985 2326 1094 2386 finitur.
1148 2325 1234 2385 nobis
1251 2324 1361 2386 debere
1382 2324 1511 2387 studium
1534 2327 1714 2390 sobrietatis
1732 2341 1762 2394 et
1781 2350 1836 2391 ore

400 2412 494 2488 Vide,
525 2432 604 2492 quee
630 2412 760 2474 diximus
788 2412 826 2473 ed
852 2412 927 2472 iilud
953 2413 1021 2474 Jec.
1049 2415 1092 2474 5.:
1147 2413 1252 2485 tionis,
1278 2422 1313 2472 ut
1335 2422 1455 2493 puratos
1477 2434 1532 2474 nos
1548 2414 1674 2477 Domini
1699 2415 1836 2479 edrenm

399 2503 559 2581 Quoniam
582 2501 739 2561 adventur
757 2503 891 2561 Domini
914 2503 1094 2576 appropin-
1146 2500 1290 2559 inveniet.

399 2591 519 2666 quovit.
1191 2589 1218 2648 8.
1242 2589 1326 2646 Ante
1353 2588 1463 2647 omnio
1491 2593 1600 2647 nutem
1631 2596 1785 2650 mutuom
1808 2591 1838 2650 ie

441 2676 549 2736 Estote
581 2678 689 2749 itaque
724 2674 907 2750 prudentes.
960 2672 1093 2735 Graece:
1148 2672 1295 2733 nobismet
1310 2674 1385 2749 ipsis
1400 2676 1564 2733 coritoum
1581 2675 1836 2739 continuante·

398 2752 621 2839 Σωφρονήσατε
636 2749 696 2817 οὖν.
731 2761 884 2820 Erasmus:
906 2762 980 2821 Sitis
995 2763 1094 2835 ipitor
1146 2759 1259 2820 dentes.
1297 2759 1472 2838 Legendnm
1495 2763 1596 2840 potius
1617 2757 1675 2838 (ite
1697 2770 1795 2824 temen
1811 2770 1838 2822 ut

397 2847 511 2923 sobrii,
538 2867 593 2928 pro
608 2866 667 2927 quo
688 2847 741 2907 elii
756 2854 974 2924 temperantes.
1012 2846 1092 2906 Nem
1146 2848 1186 2906 sit
1208 2847 1405 2927 reciprocatio
1434 2844 1609 2921 diminute):
1640 2857 1788 2911 mutuom
1808 2852 1837 2909 ie

398 2935 571 3012 σωφρονεῖν
587 2935 708 3014 proprie
723 2943 753 2993 et
768 2936 960 2995 usitatissime
977 2933 1092 3006 dicitur,
1145 2941 1263 2995 vosmet
1277 2938 1361 3010 ipsos
1368 2958 1381 3013 ;
1395 2941 1429 2993 ut
1443 2934 1557 2995 hebent
1570 2933 1693 2997 codices
1709 2934 1834 2998 emende-

398 3023 451 3103 qui
477 3031 681 3102 temperanter
706 3041 742 3079 ec
771 3019 921 3081 moderate
947 3040 980 3081 se
1006 3022 1093 3099 gerit,
1145 3023 1246 3080 tiores.
1269 3021 1348 3081 Num
1365 3020 1480 3083 (ireece
1495 3030 1556 3082 eet:
1580 3013 1635 3099 τήν
1652 3014 1705 3093 εἰς
1718 3014 1836 3089 &osuit

397 3119 461 3170 tem
482 3112 598 3183 enimc,
629 3127 718 3189 quem
745 3127 877 3187 corpore.
914 3107 1030 3168 Penius
1053 3105 1091 3167 ed
1146 3099 1286 3185 ἂγατήν,
1318 3106 1350 3166 id
1376 3115 1422 3167 est
1451 3126 1538 3183 cam,
1568 3126 1654 3185 quoe
1686 3128 1764 3187 erpo
1791 3126 1836 3171 oct

396 3198 527 3256 enimurn
554 3194 671 3268 retulit,
697 3195 781 3256 Rom.
811 3198 875 3267 12,
905 3195 1091 3275 praecipiens
1143 3202 1253 3255 mutue
1266 3201 1328 3268 eet,
1345 3197 1519 3254 caritatem.
1557 3191 1618 3255 Cui
1634 3205 1668 3257 st
1683 3196 1833 3276 Syrum

396 3283 580 3360 conposcio,
598 3282 630 3342 id
645 3290 692 3343 cst
706 3300 815 3359 sopore
827 3283 870 3342 od
885 3282 1090 3342 sobrietatem.
1144 3281 1188 3341 sio
1204 3288 1356 3341 consonet
1373 3279 1559 3360 Augustinus
1578 3280 1631 3342 lib.
1649 3283 1692 3346 de
1706 3286 1836 3365 gretiett

395 3368 532 3431 Aiiesed
547 3384 656 3449 corpus
679 3370 820 3441 reisrtnr,
843 3377 947 3448 estque
967 3368 1090 3427 verbnm
1143 3367 1195 3427 iib.
1212 3368 1274 3428 erb.
1291 3387 1356 3447 cup.
1374 3369 1422 3427 17.
1445 3368 1536 3446 legit:
1559 3370 1649 3429 intes·
1671 3390 1747 3447 voe,
1773 3388 1834 3451 quo

395 3475 551 3518 commune
572 3456 680 3517 sobriis
704 3467 734 3516 et
753 3456 861 3532 cestis3
888 3466 921 3515 ut
945 3455 1000 3514 boc
1017 3454 1090 3514 ioco.
1143 3453 1229 3514 modo
1246 3455 1334 3514 vertit
1349 3455 1438 3513 etiem
1453 3454 1607 3515 Erasmus
1642 3455 1739 3537 Quod
1752 3458 1778 3520 ei
1791 3475 1833 3516 ee

394 3542 485 3605 Unde
505 3551 535 3602 et
556 3562 596 3604 ex
620 3542 743 3623 Syriaco
768 3542 845 3603 eiius
866 3543 969 3603 vertit:
997 3548 1091 3602 estote
1142 3548 1203 3601 ster
1219 3542 1365 3621 interpres
1380 3540 1516 3620 scripsit:
1538 3545 1574 3602 irs
1590 3543 1746 3605 subternot
1760 3545 1835 3622 ἱρὰ,

395 3633 481 3691 coeti.
500 3630 593 3690 elius:
611 3636 703 3690 estote
717 3630 822 3689 sobrii.
1143 3627 1174 3687 id
1188 3629 1232 3687 ite
1254 3626 1462 3708 exponendum
1479 3636 1541 3688 est:
1564 3630 1653 3690 inter
1668 3648 1727 3693 vos
1740 3635 1834 3710 ipim

437 3719 481 3780 Et
499 3717 629 3793 ω’ρίἱοοτ
652 3719 688 3776 io
711 3714 919 3777 orationibus.
959 3713 1090 3775 Graece:
1141 3726 1329 3775 uouentem:
1344 3717 1511 3790 introvoe,
1524 3713 1835 3788 incordibuerestris,

394 3812 425 3866 ct
439 3805 570 3879 cipitatc
585 3804 628 3865 ad
644 3806 813 3865 orationes.
850 3801 919 3861 Nisi
940 3800 1021 3880 quod
1037 3822 1089 3880 pro
1142 3802 1309 3881 etquidem
1321 3802 1505 3863 minusscite
1515 3813 1736 3882 exposuerunt.
1758 3806 1834 3867 Goe-

393 3893 525 3967 oiyiiotc
541 3889 655 3952 Graece
671 3900 732 3951 est:
748 3882 872 3968 νήψατε,
893 3886 1090 3968 quodetiam,
1142 3890 1278 3963 tineam,
1296 3887 1430 3947 Graece:
1451 3878 1568 3967 ἐκτενῆ,
1583 3889 1737 3952 Erremus
1752 3891 1832 3954 oete·

394 3981 532 4058 ecmegis
540 3980 669 4059 proprie,
682 3977 848 4057 significet:
863 3976 968 4038 Sobrii
977 3982 1089 4051 cetotc‚·
1140 3984 1276 4034 menum
1298 3976 1406 4051 vertit3
1437 3982 1530 4055 etque
1554 3994 1595 4035 ex
1615 3975 1747 4056 Syrisce
1768 3976 1834 4040 eliu

393 4064 645 4145 quemadmodum
666 4064 696 4124 id
720 4064 863 4143 volgatus
886 4065 1032 4142 interpres
1055 4081 1090 4120 ec
1141 4062 1372 4135 vehementem,
1388 4060 1468 4120 elius
1481 4070 1681 4138 promptam.
1704 4061 1833 4126 ΗΜ

393 4152 506 4211 coeteri
532 4150 727 4211 reddiderunt
756 4152 785 4209 in
812 4151 913 4228 cupite
942 4149 1089 4227 sequenti.
1142 4146 1248 4208 eedem
1272 4168 1332 4208 vox
1355 4148 1422 4208 net.
1444 4149 1510 4220 12,
1537 4147 1588 4208 ubi
1615 4169 1673 4210 nos
1700 4149 1833 4232 legin:

393 4238 464 4321 Quo
480 4239 570 4298 etiem
587 4238 670 4310 loco,
686 4236 768 4316 quod
780 4238 931 4317 seqnitur:
947 4236 1088 4311 cipilote,
1142 4235 1253 4296 Oratio
1263 4234 1434 4311 fleboteioc
1445 4236 1683 4298 immistione
1695 4245 1752 4300 ste.
1772 4236 1833 4318 Quo

392 4322 510 4387 Gresce
525 4333 586 4385 eet:
611 4316 840 4402 γρηγορήσατε,
864 4322 991 4383 verbum
1007 4324 1037 4382 in
1054 4340 1089 4380 ee
1140 4321 1206 4381 ioco
1222 4340 1277 4381 nec
1291 4321 1434 4382 Erremus
1455 4321 1543 4382 niiter
1557 4321 1741 4386 vertendum
1755 4332 1832 4406 pete
1880 4335 1882 4354 ¹

392 4410 614 4493 significatione
638 4413 751 4489 possim
774 4410 903 4470 obvium.
940 4408 1001 4469 Sed
1025 4412 1085 4467 etl
1140 4409 1200 4480 vit,
1230 4427 1286 4467 nec
1312 4408 1402 4469 eliter
1427 4410 1604 4489 interpretes
1635 4430 1678 4472 ex
1709 4410 1832 4493 Syrien
1880 4405 1882 4414 ’

391 4497 473 4559 Τίσι.
498 4499 526 4558 3.
549 4488 704 4576 repudient
711 4542 722 4571 ‚
750 4496 831 4578 quod
852 4516 958 4556 nomen
982 4503 1029 4556 est
1050 4494 1088 4554 eb
1140 4494 1219 4554 Nem
1234 4502 1363 4575 uterque
1378 4495 1481 4555 vertit:
1505 4496 1659 4575 attidem
1682 4507 1832 4579 enquete

390 4584 443 4647 ilio
469 4585 562 4646 verbo
589 4584 772 4658 derivatum,
809 4591 912 4643 noster
941 4584 1088 4660 interpres
1140 4583 1261 4662 proprie
1276 4580 1413 4642 Grescee
1429 4582 1514 4642 vocis
1535 4583 1737 4662 significum,
1751 4599 1832 4667 qm

388 4674 499 4733 vertit:
526 4672 683 4745 sobrium,
712 4670 784 4731 iicet
810 4671 954 4729 Erasmus
982 4676 1012 4726 et
1037 4668 1089 4728 elii
1139 4669 1269 4729 attendit
1296 4666 1510 4744 Oecumenius,
1533 4666 1606 4730 dnm
1629 4673 1676 4733 sio
1701 4673 1831 4753 inceps

391 4758 533 4840 quidem:
563 4759 758 4834 vipiIonicm.
797 4756 876 4817 Vide
899 4764 1031 4816 nostrum
1051 4774 1087 4815 eo
1139 4762 1232 4815 tetur:
1258 4761 1513 4830 perseverantem
1534 4775 1573 4817 uc
1594 4758 1830 4835 durantem!

389 4845 456 4906 loco
465 4847 718 4907 commentarium.
741 4842 948 4902 Veruntamen
959 4850 1085 4913 constet,
1139 4843 1175 4903 irs
1191 4842 1322 4916 tonsum
1333 4849 1529 4918 protensam.
1552 4842 1692 4925 ideoque
1706 4853 1738 4908 et
1750 4846 1828 4908 inter

388 4940 552 5013 utrumque
567 4953 602 4993 eo
617 4932 710 4992 verbo
726 4929 896 5010 significari,
913 4937 942 4989 et
956 4927 1085 4988 sobrium
1139 4948 1207 5008 pres
1223 4927 1290 5007 ejus
1306 4934 1468 4989 emensam
1479 4931 1581 4992 vertit.
1604 4932 1673 4993 Nec
1683 4931 1828 5012 eumpse

389 5036 473 5093 esse,
499 5026 530 5080 et
547 5020 686 5100 vigilus,
714 5014 797 5098 quod
820 5014 859 5076 ed
881 5014 1000 5096 vigilius
1022 5015 1085 5094 epti
1139 5013 1221 5095 quod
1237 5014 1425 5095 Augustinus
1439 5013 1532 5095 legit:
1547 5026 1727 5097 perpasto,
1748 5019 1827 5082 isid
